3775 5659
901 502 1106 601 ..j-⁸*

361 701 517 788 verbum,
540 725 606 791 pro
629 725 699 791 quo
723 706 744 788 §
766 725 787 791 3
810 703 935 772 eodem
958 726 1063 772 sensu
1086 705 1237 790 διεξάγειν
1261 718 1313 774 est
1328 705 1490 795 positum,
1515 707 1581 775 hac
1602 705 1637 775 in

362 803 561 874 Graecitate
584 805 676 874 haud
699 806 899 895 infrequens
922 819 976 875 est
998 807 1052 891 (cl.
1078 808 1176 877 Blass
1199 808 1244 877 ad
1267 822 1330 878 act.
1350 822 1461 898 apost.
1484 832 1536 899 23,
1562 833 1577 878 1
1603 822 1637 879 et

362 905 499 976 Grimm
521 907 585 976 lex.
609 908 650 977 N.
675 909 716 977 T.
739 933 766 977 s,
789 913 846 995 u).

935 1164 962 1275 ς
989 1166 1053 1251 ιι.

461 1362 500 1430 p.
525 1341 559 1426 7,
593 1341 655 1410 23.
700 1342 755 1406 ἐὰν
786 1343 840 1405 οὖν
863 1339 1012 1425 φαίνηται
1035 1351 1130 1407 recte
1152 1338 1332 1408 Eusebius.
1378 1340 1461 1409 nihil
1485 1341 1550 1409 hac
1572 1341 1637 1411 lor·

361 1443 453 1512 mula
475 1442 510 1511 in
532 1444 814 1532 hypomnematis
837 1442 1032 1531 libellisque
1053 1442 1128 1532 regi
1150 1455 1209 1511 aut
1233 1442 1449 1532 magistratui
1465 1444 1635 1533 superiori

360 1546 542 1615 destinatis
557 1547 790 1637 frequentius:
813 1570 845 1615 v.
863 1546 1002 1635 Peyron
1018 1569 1096 1635 pap.
1113 1545 1218 1614 Taur.
1235 1546 1249 1614 l
1263 1570 1296 1636 p.
1312 1549 1365 1636 36,
1381 1548 1421 1627 8;
1444 1570 1476 1636 p.
1496 1570 1557 1636 113
1572 1569 1635 1637 sq.;

359 1674 438 1740 pap.
461 1650 570 1719 Paris.
593 1674 626 1740 p.
653 1670 733 1739 171;
764 1673 837 1739 209,
873 1673 914 1740 19
945 1662 1009 1719 cet.
1043 1650 1147 1719 etiam
1170 1651 1227 1715 ἐὰν
1248 1654 1302 1716 οὐν
1325 1651 1476 1737 φαίνηταί
1499 1673 1547 1715 σοι
1569 1651 1635 1720 dici

358 1754 472 1844 potuit
501 1756 546 1838 (v,
571 1754 680 1823 Catal.
704 1755 791 1822 Mus,
817 1754 899 1823 Brit.
922 1778 956 1844 p.
978 1777 1009 1843 7,
1031 1757 1071 1835 63
1103 1772 1155 1842 25,
1178 1774 1239 1835 22;
1274 1754 1429 1844 Mahaffy
1450 1777 1529 1843 pap.
1552 1755 1581 1823 ll
1601 1777 1634 1843 p.

360 1861 401 1945 [1,
425 1859 489 1942 20],
514 1860 576 1945 [24,
599 1877 629 1945 5,
653 1861 685 1946 3]
721 1870 794 1945 cet,
828 1881 899 1927 non
933 1857 1046 1946 potuit
1078 1858 1174 1947 quod
1196 1856 1357 1928 Schmidt
1389 1880 1431 1925 ex
1452 1857 1488 1925 B
1510 1857 1634 1927 edidit:

359 1962 415 2025 ἐὰν
437 1964 491 2026 οὑν
514 1961 659 2044 φανεῖταί
681 1962 833 2048 (partitur
857 1961 982 2044 codex)
1006 1982 1054 2026 σοι
1077 1963 1213 2047 Europen:
1250 1983 1292 2029 ea
1322 1982 1419 2029 mera
1451 1972 1505 2029 est
1535 1961 1636 2029 inter·

357 2063 498 2152 polatio.

459 2188 497 2256 p.
515 2166 549 2251 7,
566 2165 614 2233 24
627 2185 689 2256 sq.
712 2167 911 2253 γραφήσεται
987 2167 1185 2252 ἀποστεῖλαι]
1203 2166 1448 2236 constructioni
1464 2167 1636 2257 genuinae

359 2280 394 2336 et
415 2269 450 2338 in
472 2269 615 2359 papyris
638 2270 878 2358 frequentatae
900 2273 944 2354 (ν.
962 2270 1060 2338 locos
1082 2272 1127 2339 ad
1143 2272 1199 2336 ἐὰν
1215 2270 1363 2357 φαίνηται
1379 2272 1485 2341 modo
1501 2272 1637 2341 adlatos

358 2383 393 2439 et
415 2371 632 2443 Schmidium
656 2373 783 2459 ‚Atticf
815 2373 857 2442 III
883 2396 916 2462 p.
940 2378 996 2461 79)
1019 2374 1109 2442 male
1136 2374 1314 2443 substituit
1344 2374 1513 2463 Iosephus
1540 2378 1633 2455 ὃπωςι

357 2475 487 2560 γράψεις
511 2485 555 2561 τῷ
578 2485 641 2542 τῶν
661 2476 819 2543 Ἰουδαίων
841 2478 982 2563 ἀρχιερεῖ
1003 2479 1086 2554 ὅπως
1108 2477 1295 2562 ἀποστείλῃ.

459 2600 498 2668 p.
523 2579 558 2665 7,
590 2580 640 2649 26
664 2600 726 2671 sq.
772 2580 1062 2667 πρεσβυτέρους-
1083 2581 1137 2665 ἀφ’
1169 2581 1310 2667 ἑκάστης
1341 2581 1444 2666 φυλῆς
1474 2581 1518 2665 ἓξ]
1543 2604 1635 2666 πρεσ·

357 2682 483 2768 βὺτερσς
506 2683 664 2770 quamvis
697 2684 753 2752 hic
783 2695 904 2773 aperte
934 2695 1084 2753 aetatem
1116 2683 1288 2773 significet
1308 2723 1353 2732 —
1373 2684 1462 2752 sicut
1484 2707 1516 2773 p.
1539 2707 1570 2772 9,
1596 2708 1636 2774 13

357 2788 442 2875 §32
465 2797 500 2853 et
529 2808 561 2874 p.
597 2809 646 2873 10,
678 2790 721 2856 26
744 2792 765 2874 §
787 2788 831 2877 38
851 2827 902 2873 -,
935 2810 1008 2857 non
1039 2787 1253 2877 dignitatem,
1285 2787 1423 2855 videtur
1454 2799 1571 2857 tamen
1602 2801 1636 2857 et

356 2889 564 2958 vocabulum
603 2901 637 2958 et
674 2913 839 2959 numerus
876 2892 1083 2980 provenisse
1119 2914 1162 2959 ex
1193 2891 1281 2980 legis
1312 2890 1487 2960 Mosaicae
1523 2915 1636 2961 recor-

357 2993 499 3062 datione
520 3034 564 3043 -
585 2993 621 3061 id
644 2994 739 3082 quod
762 3017 804 3061 ex
826 3006 927 3083 parte
958 2994 1125 3063 intellexit
1155 2993 1223 3062 iam
1246 2993 1460 3083 Epiphanius
1482 2998 1549 3084 (ap.
1573 2996 1636 3064 La·

355 3097 516 3186 gardium
539 3095 719 3186 Symmict.
744 3097 771 3166 Π
794 3121 826 3186 ρ.
853 3100 936 3186 164).
982 3098 1037 3166 lex
1070 3098 1161 3166 enim
1184 3097 1240 3166 illa
1262 3097 1351 3166 sicut
1373 3097 1455 3167 olim
1478 3099 1560 3167 data
1583 3112 1636 3168 est

356 3200 600 3289 Hebraiceque
621 3200 815 3290 perscripta
836 3201 937 3269 Mose
960 3223 1038 3269 cum
1060 3223 1103 3289 70
1134 3224 1177 3269 ex
1208 3201 1426 3288 πρεσβυτέροις
1447 3201 1577 3288 Ἰσραὴλ
1600 3202 1635 3271 in

356 3301 453 3372 Sinai
485 3314 640 3372 montem
672 3326 817 3393 egresso
847 3304 971 3387 (Exod.
1003 3327 1055 3392 24,
1089 3326 1116 3371 1.
1151 3308 1214 3392 14),
1247 3304 1294 3371 ita
1326 3326 1416 3391 quae
1446 3304 1635 3392 parabatur

357 3406 536 3475 translatio
570 3406 707 3476 Graeca
739 3407 863 3475 eodem
886 3406 1052 3475 Aristeae
1081 3406 1158 3474 visa
1189 3419 1243 3474 est
1274 3406 1431 3493 indigere
1454 3419 1633 3495 apparatu,

356 3533 426 3599 quo
459 3531 563 3598 quam
596 3508 782 3598 plurimum
814 3509 1006 3578 sanctitatis
1037 3510 1183 3577 haberet
1215 3520 1249 3577 et
1279 3509 1364 3597 ipsa.
1418 3511 1635 3579 descendunt

355 3614 459 3704 igitur
480 3636 523 3702 72
546 3612 581 3680 hi
603 3614 804 3701 πρεσβύτεροι
827 3612 983 3682 tributim
1006 3612 1183 3682 constituti
1206 3614 1418 3682 aveteribus
1434 3614 1500 3683 illis
1522 3636 1566 3702 70
1587 3614 1635 3683 ita

355 3729 394 3785 ut
417 3718 512 3807 quod
534 3718 568 3786 hi
592 3716 765 3786 testificati
789 3717 871 3785 olim
895 3729 984 3803 sunt,
1009 3717 1054 3785 illi
1078 3717 1113 3786 in
1135 3718 1318 3807 proposito
1349 3741 1444 3787 novo
1476 3718 1541 3807 ipsi
1564 3716 1633 3786 sint

356 3821 500 3889 executi.
545 3833 650 3909 atque
673 3820 746 3889 eius
769 3820 818 3888 rei
842 3843 948 3889 causa
970 3819 1119 3909 scriptor
1141 3844 1212 3889 non
1235 3820 1404 3888 dubitavit
1426 3822 1634 3891 resuscitare

354 3924 410 3992 vel
434 3924 618 3993 duodecim
641 3924 792 3992 tribuum
815 3922 1029 4009 memoriam,
1053 3947 1085 3991 v,
1109 3927 1130 4009 §
1147 3927 1195 4011 38
1214 3946 1288 4012 sqq.
1481 3922 1485 3929 ’

456 4049 495 4117 p.
512 4028 547 4114 7,
563 4028 610 4096 27
622 4067 666 4077 -
675 4049 714 4117 p.
732 4027 769 4113 8,
786 4027 821 4096 2.
846 4029 929 4103 ὅπως
941 4067 986 4075 -
1000 4029 1108 4114 θῶμεν
1124 4028 1280 4113 εὐσήμως]
1296 4027 1462 4096 enuntiati
1478 4028 1566 4097 haec
1582 4041 1635 4098 est

355 4131 546 4200 sententia:
571 4142 620 4217 ,ut
641 4130 783 4199 scrutati
806 4130 841 4197 in
865 4152 935 4218 quo
959 4130 1070 4199 maior
1091 4152 1174 4219 pars
1191 4131 1407 4199 consenserit
1421 4131 1632 4219 fidelemque

356 4234 619 4304 translationem
642 4234 689 4302 ita
711 4232 803 4302 nacti
826 4233 1015 4322 conspicuo
1038 4235 1074 4303 in
1089 4234 1167 4302 loco
1182 4256 1403 4322 reponamus,
1427 4234 1517 4302 sicut
1532 4234 1633 4303 decet

356 4350 391 4406 et
421 4361 495 4407 rem
526 4338 638 4427 ipsam
671 4348 705 4405 et
736 4348 832 4404 tuum
865 4337 1065 4406 consilium‘.
1110 4337 1227 4405 verbis
1259 4340 1407 4415 ὅπως-
1429 4337 1634 4416 ἐξετάσαντες

356 4441 572 4531 respondent
594 4441 630 4509 in
652 4441 729 4528 ipsa
751 4438 899 4528 epistula
920 4443 941 4525 ᾗ
963 4462 1006 4530 32
1029 4442 1134 4509 haee:
1166 4443 1250 4519 ὅπως
1280 4442 1318 4505 ἐκ
1341 4451 1403 4505 των
1426 4440 1577 4506 πλειόνων
1598 4445 1634 4505 τὸ

344 4545 521 4630 σύμφωνον
543 4545 661 4629 εὑρεθῇ
686 4545 853 4626 (ceterum
867 4555 992 4633 postea
1014 4543 1079 4633 ipsi
1095 4544 1303 4633 interpretes
1318 4542 1530 4612 conserendo
1544 4542 1634 4612 inter

358 4669 397 4715 se
408 4646 652 4716 translationes
663 4647 926 4717 consonantiam
935 4647 1097 4733 efficiunt,
1108 4647 1310 4736 p.66,222d.
1317 4646 1509 4731 Schmidt).
1525 4647 1634 4715 verba

360 4749 486 4818 deinde
508 4750 664 4829 ἀξίως-
685 4751 892 4837 προαιρέσεως
914 4750 1098 4819 manifesto
1121 4750 1296 4840 iungenda
1318 4761 1400 4818 sunt
1422 4773 1499 4818 cum
1523 4753 1632 4838 bopsi

354 4853 513 4940 εὐσήμως,
539 4876 610 4922 non
634 4876 711 4922 cum
742 4854 1042 4943 praecedentibus.
1088 4853 1336 4923 convenienter
1358 4853 1421 4921 toti
1443 4854 1632 4923 narrationi
