3775 5659
847 509 888 573 21

232 715 340 800 φησίν,
374 715 605 799 ,ἀνασπάστους
628 715 670 791 τίς
691 714 866 802 Βαβυλῶνα
889 715 1008 801 Πέρσαι
1039 715 1188 801 πρότερον
1218 716 1322 779 αὐτῶν
1356 715 1509 801 ἐποίησαν

232 819 390 903 μυριοίδαςί
414 820 481 906 (ap.
513 818 578 887 los,
603 841 630 887 c.
654 819 722 907 Ap.
746 818 761 886 1
793 824 867 907 194)
891 819 1080 906 Βαβυλῶνα,
1106 817 1265 907 quamvis
1288 829 1384 887 certo
1408 818 1510 887 fuerit

232 919 466 1011 intellegenda
501 921 694 1010 Babylonia
724 921 834 990 Asiae
870 922 969 1011 regio
1000 962 1044 971 -
1077 922 1112 990 in
1151 944 1256 1010 quam
1294 921 1509 990 Artaxerxes

232 1024 353 1094 Ochus
383 1026 511 1095 multos
541 1025 688 1095 Iudaeos
717 1038 1033 1115 transportaverat,
1066 1049 1098 1094 ν.
1132 1024 1282 1113 Syncell.
1316 1049 1349 1114 p.
1381 1025 1446 1113 486
1471 1053 1509 1080 =

231 1126 358 1196 Euseb.
384 1129 436 1196 ed.
461 1127 542 1197 Sch.
565 1128 593 1196 II
615 1152 647 1218 p.
674 1151 735 1196 112
756 1169 808 1216 —,
833 1151 911 1197 esse
927 1130 1138 1197 intellectum
1153 1127 1308 1216 Aegypti
1332 1126 1511 1195 castellum

222 1229 325 1297 'haud
362 1230 525 1318 ignobile,
562 1231 731 1299 habemus
765 1231 905 1320 quidem
943 1231 1130 1300 immanem
1168 1252 1322 1298 errorem
1358 1268 1402 1278 --
1436 1229 1510 1297 sive

231 1333 391 1404 Aristeas
426 1334 501 1422 ipse
532 1356 610 1401 eum
644 1334 817 1402 commisit
839 1334 913 1403 sive
945 1334 1111 1402 decessor
1141 1331 1265 1421 aliquis
1286 1372 1338 1418 -‚
1363 1332 1427 1400 sed
1450 1332 1508 1420 qui

231 1437 364 1507 homini
386 1438 565 1526 Aegyptio
588 1437 701 1526 possit
722 1438 848 1522 tribui).

335 1561 373 1630 p.
397 1541 435 1628 3,
469 1540 533 1610 20.
589 1546 644 1606 σὺν
675 1542 896 1628 Ψαμμητίχῳ]
929 1541 1090 1609 homines
1123 1540 1216 1608 docti
1248 1539 1343 1630 quod
1375 1549 1509 1607 certant

231 1645 428 1733 primumne
451 1643 744 1713 Psammetichum
768 1667 813 1712 an
836 1644 1027 1713 secundum
1050 1644 1211 1712 Aristeas
1242 1642 1394 1733 intellegi
1416 1642 1510 1711 volu·

163 1771 168 1778 ·
232 1748 305 1833 erit,
330 1748 412 1816 mihi
435 1748 477 1815 lis
500 1747 642 1816 omnino
667 1771 738 1816 non
770 1749 909 1816 videtur
938 1770 1046 1837 posse
1068 1747 1222 1836 transigi,
1256 1770 1333 1815 cum
1365 1758 1400 1814 et
1430 1746 1509 1814 fons

231 1851 411 1940 scriptoris
431 1853 536 1919 lateat
559 1863 593 1919 et
615 1875 673 1920 res
695 1852 771 1941 ipsa
794 1852 936 1920 omnino
953 1851 1112 1919 videatur
1127 1850 1293 1919 fabulosa.
1333 1873 1372 1918 ac
1387 1850 1510 1940 princi·

232 1955 311 2044 pale
342 1967 585 2044 argumentum
618 1956 713 2043 quod
744 1978 809 2044 pro
844 1956 1000 2025 secundo
1032 1955 1137 2024 hodie
1169 1955 1295 2022 adferri
1330 1955 1428 2041 solet,
1461 1954 1508 2022 in·

231 2058 438 2147 scriptiones
470 2059 515 2126 ad
537 2057 767 2128 Abu-Simbel
799 2071 962 2128 exaratae
993 2063 1037 2143 (ν.
1062 2059 1153 2126 Rohl
1184 2059 1286 2127 inser.
1318 2082 1369 2147 gr.
1402 2058 1507 2147 antiq.

231 2163 295 2250 482
327 2184 358 2250 p.
393 2184 463 2250 127,
496 2163 539 2230 A.
564 2163 799 2231 Wiedemann
831 2186 917 2231 mus.
941 2163 1052 2231 Rhen.
1086 2182 1129 2251 35
1161 2164 1272 2247 (1880)
1302 2186 1334 2251 p.
1357 2166 1422 2253 364
1444 2185 1507 2252 sq.,

232 2265 269 2332 E.
293 2265 386 2333 Abel
408 2265 555 2334 Wiener
586 2266 685 2336 Stud.
717 2266 771 2334 1111
794 2289 825 2355 p.
861 2269 919 2335 161
956 2271 1032 2353 sq.)‚
1067 2265 1103 2333 id
1135 2267 1237 2334 fallax
1268 2266 1411 2334 omnino
1444 2276 1506 2333 est.

231 2368 285 2435 fac
306 2390 441 2456 -Jqua
464 2368 508 2435 de
530 2391 569 2436 re
591 2392 662 2437 non
695 2369 816 2436 dubito
839 2369 1080 2456 —pertinere
1111 2390 1234 2437 revera
1265 2367 1509 2456 inscriptiones

232 2471 276 2539 ad
299 2469 594 2538 Psammetichum
617 2471 828 2539 secundum:
863 2471 947 2561 quid
970 2472 1037 2539 hoc
1060 2474 1105 2539 ad
1126 2469 1330 2540 Aristeam?
1361 2471 1391 2538 is
1414 2483 1509 2539 certe

232 2597 297 2643 nec
328 2585 430 2643 norat
463 2596 523 2642 eas
555 2596 620 2642 nec
652 2576 804 2661 curabat,
837 2576 900 2643 sed
931 2587 1072 2644 secutus
1104 2587 1157 2643 est
1188 2587 1247 2643 aut
1278 2574 1428 2642 fabulam
1453 2573 1509 2642 ali-

232 2699 336 2766 quam
358 2717 402 2726 —
423 2677 500 2745 sive
522 2700 600 2746 eam
614 2701 676 2746 ore
691 2679 854 2748 traditam
869 2679 944 2748 sive
960 2702 1024 2769 per
1045 2680 1177 2748 litteras
1191 2719 1235 2728 -
1250 2690 1309 2747 aut
1332 2678 1509 2768 ingenium

230 2781 421 2870 proprium.
468 2803 536 2870 qua
569 2781 604 2849 in
626 2805 665 2849 re
697 2783 846 2851 maxime
878 2783 1066 2851 dolendum
1099 2794 1152 2850 est
1184 2782 1279 2871 quod
1311 2781 1509 2850 Hecataeus

231 2907 314 2952 num
347 2884 431 2972 quid
462 2884 530 2952 huc
562 2884 741 2973 pertinens
772 2885 967 2952 narraverit
998 2885 1208 2973 ignoramus.
1262 2896 1300 2952 ut
1330 2907 1423 2952 nunc
1445 2896 1507 2969 est,

230 2987 359 3055 scimus
393 3009 435 3055 ex
457 2987 641 3055 Herodoto
673 2988 714 3071 (II
739 3007 800 3076 152
822 2993 889 3076 sq.)
920 2987 1127 3056 maxime'et
1148 2988 1308 3057 Diodoro
1330 2987 1421 3071 (166
1443 2992 1509 3075 sq.)

231 3090 524 3159 Psammetichum
560 3091 574 3159 I
612 3103 646 3159 et
683 3092 894 3160 conduxisse
934 3092 1194 3160 mercennarios
1229 3091 1436 3181 peregrinos
1474 3103 1508 3159 et

231 3193 360 3262 fovisse
375 3197 420 3277 (ν.
432 3193 667 3262 Wiedemann
683 3194 822 3280 ‚Gesch
838 3194 1066 3283 Aegyptens‘,
1083 3194 1176 3284 Lips.
1195 3195 1279 3263 1880
1293 3217 1326 3282 p.
1344 3215 1406 3282 132
1421 3200 1506 3282 sq.);

230 3298 336 3366 refert
373 3309 555 3386 praeterea
591 3298 796 3367 Herodotus
832 3298 872 3379 (ΙΙ
902 3303 977 3386 3ο);
1014 3299 1067 3362 ἐπὶ
1104 3298 1325 3385 Ψαμμητίχου
1364 3297 1508 3384 βασιλέος

230 3402 372 3485 φυλακαί
395 3393 596 3467 κατέστασαν
617 3404 650 3467 ἐν
672 3402 878 3488 Ἐλεφαντίνῃ
902 3402 976 3467 πόλι
991 3406 1066 3487 πρὸς
1081 3402 1256 3468 Αἰθιόπων.
1303 3402 1390 3468 haec
1404 3400 1508 3488 igitur

231 3526 308 3573 cum
331 3504 526 3572 referantur
549 3506 594 3572 de
616 3506 740 3594 primu,
765 3506 810 3573 de
832 3506 941 3573 altero
974 3505 1021 3574 nil
1043 3504 1169 3593 legitur
1191 3503 1270 3570 nisi:
1303 3504 1452 3589 Ψάμμιος
1474 3504 1507 3567 δὲ

230 3607 263 3686 ἓξ
295 3609 369 3672 ἔτεα
401 3617 511 3693 μοῦνον
542 3608 784 3695 βασιλεύσαντος
815 3610 979 3694 Αἰγύπτου
1013 3612 1068 3673 καί
1091 3606 1363 3692 στρατευσαμένου
1396 3607 1428 3683 ἐς
1449 3607 1505 3672 Αί-

232 3711 363 3797 8ιοπίην
396 3716 452 3776 καί
485 3711 661 3796 μεταυτίκα
694 3712 943 3798 τελευτήσαντος
974 3711 1069 3795 (Her.
1102 3710 1130 3777 If
1163 3712 1246 3793 161).
1300 3709 1506 3777 Iudaeorum

232 3822 349 3880 autem
371 3815 547 3884 sociorum
571 3814 702 3883 mentio
725 3836 789 3881 nec
812 3813 847 3881 in
869 3814 970 3903 primi
1002 3814 1108 3881 rebus
1138 3812 1177 3880 fit
1208 3833 1273 3881 nec
1295 3812 1330 3880 in
1352 3814 1505 3882 secundi.

232 3937 322 4004 quae
344 3938 421 3985 cum
443 3918 491 3987 ita
521 3919 599 4005 sint,
631 3917 763 4008 poteris
785 3917 949 3985 Aristeae
971 3915 1281 3984 Psammetichum
1297 3927 1332 3984 et
1357 3916 1506 4005 primum

231 4020 450 4108 interpretari
466 4034 500 4089 et
516 4023 726 4091 secundum:
750 4022 806 4089 ille
828 4022 857 4090 si
875 4033 928 4089 est
949 4060 993 4070 —
1016 4021 1110 4110 quod
1125 4021 1208 4089 mihi
1223 4021 1369 4106 videtur,
1394 4021 1508 4089 solent

231 4122 323 4192 enim
347 4122 419 4192 fere
442 4121 569 4191 Graeci
591 4125 684 4193 hunc
706 4125 909 4212 intellegere
931 4122 991 4192 ubi
1014 4123 1146 4192 nudum
1168 4146 1297 4191 nomen
1319 4135 1505 4212 ponunt-‚

231 4227 377 4296 accessit
407 4226 453 4294 ad
485 4229 744 4297 mercennarios
781 4228 921 4296 aliunde
950 4238 1055 4295 notos
1092 4226 1266 4315 expeditio
1297 4226 1506 4316 Aethiopica

229 4330 367 4419 ignota;
400 4330 455 4402 sin
486 4329 590 4399 alter:
626 4333 828 4401 coaluerunt
860 4330 1088 4400 mercennarii
1119 4330 1192 4399 noti
1225 4330 1505 4399 Psammetichil

232 4456 310 4502 cum
341 4435 483 4504 alterius
515 4433 736 4522 expeditione
758 4434 968 4523 Aethiopica
997 4433 1080 4502 item
1102 4445 1236 4502 testata.
1281 4434 1398 4502 ludaei
1419 4455 1505 4501 vero

230 4536 474 4607 Psammetichi
516 4536 711 4607 utriuslibet
752 4550 894 4607 manent
934 4559 1074 4626 semper
1105 4550 1237 4607 temere
1268 4536 1395 4623 additi,
1431 4536 1506 4605 sive

230 4641 339 4732 ipsius
360 4642 524 4711 Aristeae
546 4640 646 4730 culpa
670 4640 745 4709 sive
767 4642 887 4710 aliena.
951 4661 955 4668 ·
