3775 5659
978 515 1017 580 16

892 608 1097 616 —--——--.

364 721 423 809 τήν
444 729 541 809 νῆσον
562 721 747 813 Aegyptiis
771 744 850 793 esse
868 724 1025 814 Cyprum
1042 748 1084 793 ex
1100 724 1206 794 titulis
1230 724 1314 794 satis
1329 746 1505 815 superque
1519 739 1640 795 notum

364 837 435 908 est3
458 827 571 896 famae
593 829 704 897 malae
729 851 797 918 qua
819 828 955 897 incolae
984 842 1129 919 propter
1160 852 1297 899 morum
1327 831 1505 900 lasciviam
1536 844 1571 901 et
1594 834 1641 900 in·

363 930 457 1018 genii
471 930 718 1000 hebetudinem
733 933 936 1021 flagrabant,
962 933 1121 1021 exempla
1136 935 1332 1023 composuit
1346 934 1456 1024 Engel
1479 937 1640 1026 ‚Kypros‘

363 1033 431 1121 lo·
454 1057 515 1124 491
542 1057 604 1123 so,
627 1055 701 1125 507·

466 1159 505 1227 p.
528 1139 564 1225 2,
587 1139 611 1207 3
635 1160 696 1229 sq.
742 1142 908 1227 ἀναγραφή
940 1141 997 1209 illa
1027 1165 1073 1210 an
1102 1164 1268 1230 umquam
1300 1142 1449 1211 extiterit
1479 1144 1554 1211 iure
1583 1145 1642 1211 du-

365 1240 549 1309 bitaveris:
573 1254 668 1311 certe
688 1266 760 1310 non
783 1244 1007 1332 cogitandum
1023 1267 1101 1312 cum
1117 1244 1387 1313 Freudenthalio
1411 1246 1512 1330 (,hell.
1528 1243 1640 1315 Stud‘

364 1343 392 1411 ll
414 1367 447 1432 p.
473 1346 547 1434 165)
579 1344 894 1436 Gutschmidioque
916 1348 984 1434 (,kl.
1007 1345 1118 1417 Schr.‘
1141 1348 1169 1416 ll
1191 1372 1224 1437 p.
1250 1351 1324 1437 184)
1348 1349 1393 1416 de
1423 1350 1594 1418 Artabani
1606 1352 1640 1436 ¹),

338 1461 469 1536 'quem
494 1449 643 1517 eundem
666 1450 774 1518 fuisse
804 1450 850 1518 illi
883 1451 1003 1519 volunt
1036 1464 1141 1539 atque
1172 1450 1461 1539 Pseudaristeam,
1494 1452 1640 1521 Iudaicis

364 1554 409 1634 (v.
433 1552 539 1640 praes.
564 1556 585 1638 §
650 1557 671 1639 ),
695 1554 803 1621 multo
828 1554 932 1622 etiam
955 1555 1068 1623 minus
1092 1555 1137 1622 de
1154 1555 1227 1622 veri
1244 1555 1407 1624 Aristeae
1429 1559 1495 1643 (ap.
1514 1555 1639 1624 Euseb.

365 1678 415 1743 pr.
440 1678 492 1723 ev.
515 1655 565 1723 IX
579 1660 634 1745 25)
650 1656 804 1743 historia,
829 1680 934 1746 quam
951 1657 1151 1746 opinionem
1174 1657 1480 1726 aFreudenthalio
1502 1660 1548 1746 (p.
1568 1662 1642 1747 142)

364 1758 495 1827 dudum
517 1760 701 1828 refutatam
723 1781 835 1849 nuper
858 1761 973 1829 denuo
997 1761 1140 1850 protulit
1162 1760 1337 1830 Schlatter
1358 1764 1410 1848 (‚z.
1428 1760 1583 1850 Topogr.
1607 1785 1639 1829 u.

366 1863 493 1933 Geseh.
517 1861 676 1931 Palaest‘
699 1886 731 1952 p.
754 1869 841 1953 340).
865 1866 1020 1949 ἀρχιερεῖς
1042 1875 1158 1931 autem
1180 1863 1348 1953 Aegyptii
1369 1904 1413 1913 -
1435 1864 1641 1934 ludaeorum

364 1968 400 2034 in
421 1966 588 2056 Aegypto
604 1958 870 2036 constitutorum
886 1967 1070 2056 pontifices
1085 1990 1270 2056 perperam
1285 1968 1453 2057 intellegit
1467 1967 1642 2037 Schlatter

364 2111 408 2119 -
441 2071 536 2159 quod
576 2070 633 2140 hic
673 2073 900 2161 perhibentur
951 2072 995 2139 de
1034 2071 1240 2139 ludaeorum
1289 2084 1395 2162 gente
1436 2072 1642 2161 opusculum

366 2174 670 2262 composuisse-
693 2198 770 2243 cum
793 2175 896 2244 laude
917 2175 953 2242 ni
977 2176 1102 2242 mirum
1133 2175 1168 2242 id
1200 2175 1421 2243 coniunctum
1443 2215 1494 2261 —‚
1518 2176 1554 2243 id
1576 2176 1642 2243 for·

366 2290 461 2346 tasse
492 2301 535 2346 eo
562 2278 707 2347 consilio
735 2279 865 2347 dictum
897 2291 951 2347 est
981 2291 1020 2347 ut
1050 2278 1292 2346 sacerdotibus
1314 2278 1501 2367 Aegyptiis
1524 2280 1570 2346 de
1592 2278 1642 2346 Iu·

366 2381 533 2450 dacorum
564 2382 655 2450 fama
687 2382 967 2468 detrahentibus,
1000 2382 1095 2450 velut
1127 2382 1346 2470 Manethoni,
1380 2393 1642 2470 opponerentur

365 2484 422 2552 alii
444 2485 636 2554 honorifice
659 2486 703 2553 de
724 2487 790 2554 illis
813 2486 1013 2554 sentientes.

954 2775 1051 2884 §4-

467 2974 506 3042 ρ.
530 2954 566 3038 2,
590 2952 615 3021 6
639 2972 700 3040 sq.
746 2949 918 3019 sententia
939 2948 1125 3037 requiritur
1147 2948 1250 3015 haec:
1275 2969 1331 3014 me
1354 2947 1412 3036 qui
1435 2946 1500 3015 sim
1524 2969 1642 3014 earum

366 3078 482 3123 rerum
506 3076 595 3143 quae
618 3052 724 3121 menti
749 3052 919 3141 prodesse
941 3050 1078 3140 possint
1100 3050 1286 3136 studiosus,
1310 3048 1430 3138 utique
1453 3051 1553 3118 decet
1575 3059 1643 3117 stu·

366 3159 503 3226 diorum
518 3157 653 3225 illorum
669 3156 799 3223 fructus
816 3154 1072 3223 communicare
1087 3177 1165 3221 cum
1180 3153 1264 3239 aliis,
1288 3165 1393 3241 atque
1408 3153 1443 3220 in
1459 3174 1643 3221 commune

369 3261 509 3351 quidem
533 3283 611 3328 cum
635 3259 796 3328 omnibus
819 3257 877 3347 qui
901 3269 1024 3325 natura
1047 3257 1114 3324 mei
1137 3256 1206 3325 sint
1228 3256 1367 3341 similes,
1393 3255 1502 3323 multo
1525 3268 1642 3324 tamen

367 3365 470 3433 etiam
493 3365 604 3453 magis
628 3375 742 3431 tecum
765 3374 839 3449 cet,
864 3384 954 3451 quae
977 3360 1117 3448 quidem
1150 3358 1322 3428 sententia
1353 3380 1498 3446 prorsus
1521 3359 1642 3427 similis

368 3480 421 3536 est
452 3467 483 3535 ei
515 3490 620 3557 quam
650 3467 746 3536 lesus
769 3465 892 3535 Sirach
925 3464 1059 3553 profert
1080 3463 1115 3531 in
1138 3462 1305 3552 prologo:
1337 3464 1373 3526 οὐ
1405 3462 1497 3547 μόνον
1530 3464 1643 3537 αὐτοὺς

368 3575 438 3649 τοὺς
459 3571 730 3657 ἀναγινώσκοντας
752 3570 820 3635 δέον
843 3571 928 3634 ἐστὶν
951 3568 1163 3653 ἐπιστήμονας
1193 3566 1350 3652 γίνεσθαι,
1383 3567 1468 3631 ἀλλὰ
1500 3569 1642 3639 καὶτοῖς

367 3677 459 3753 ἐκτὸς
481 3677 635 3740 δύνασθαι
658 3680 728 3752 τοὺς
751 3675 1006 3759 φιλομαθοῦντας
1027 3671 1201 3758 χρησίμους
1224 3673 1302 3737 εἶναι
1326 3673 1381 3734 καὶ
1412 3667 1564 3752 λέγοντας
1586 3668 1643 3728 καὶ

367 3780 609 3866 γράφοντας-
631 3799 843 3866 quamquam
866 3775 1045 3845 Siracidae
1068 3774 1157 3843 inter
1179 3775 1266 3842 haec
1293 3783 1327 3839 et
1348 3769 1512 3837 Aristeae
1534 3767 1643 3835 verba

367 3906 450 3950 num
473 3881 581 3950 artior
598 3882 712 3970 aliqua
727 3881 816 3948 ratio
830 3879 1022 3948 intercedat
1038 3878 1162 3946 melius
1176 3900 1248 3945 non
1264 3895 1481 3965 quaeremus.
1527 3893 1643 3939 neces·

367 3985 459 4053 sario
491 3985 595 4074 igitur
616 3984 709 4073 apud
731 3984 908 4053 Aristeam
944 4007 992 4048 oet
1023 3994 1082 4050 aut
1113 4004 1190 4050 cum
1212 3976 1407 4048 Schmidtio
1440 3976 1641 4044 mutandum

367 4087 403 4157 in
425 4111 475 4175 μοι
498 4100 557 4157 aut
586 4089 819 4156 inducendum
843 4110 920 4155 cum
942 4086 1107 4175 Kuipero.
1154 4082 1212 4173 qui
1243 4082 1349 4149 homo
1382 4082 1505 4149 doctus
1539 4078 1643 4146 etiam

368 4192 527 4281 proxima
550 4203 644 4259 recte
660 4191 834 4280 expedivit
850 4190 1001 4258 traiectis
1017 4193 1070 4253 τὸν
1086 4188 1197 4273 τρόπον
1212 4185 1349 4255 verbis:
1373 4182 1644 4270 (communicare

368 4300 495 4380 tecum)
519 4297 588 4384 ,qui
602 4296 790 4384 genuinam
805 4306 963 4383 praestes
979 4292 1141 4376 indolem,
1166 4313 1244 4358 cum
1259 4314 1330 4358 non
1346 4289 1459 4358 solum
1475 4286 1644 4376 sanguine

368 4398 451 4467 mihi
483 4400 531 4467 sis
562 4399 668 4467 frater
698 4399 762 4467 sed
793 4398 897 4467 etiam
924 4397 1089 4482 moribus,
1123 4393 1181 4484 qui
1213 4406 1355 4463 nostros
1385 4391 1537 4459 referant
1569 4389 1642 4478 pari

368 4525 513 4593 prorsus
536 4502 672 4572 virtutis
696 4503 833 4572 studio‘

473 4816 500 4886 1)
520 4814 580 4871 <A
592 4834 609 4869 r
619 4818 686 4886 top
698 4834 716 4870 a
727 4832 746 4869 n
757 4834 802 4869 us
821 4814 911 4884 uulgo
925 4811 1111 4880 nominatur,
1130 4808 1167 4881 cs.
1189 4829 1231 4865 ex.
1248 4825 1297 4879 gr.
1313 4804 1467 4862 Susemihl
1483 4804 1595 4876 ,Geseh.
1615 4802 1641 4858 d.

366 4901 477 4973 griech.
498 4901 666 4957 Lae'ueratur
683 4903 713 4954 in
733 4900 759 4955 d.
779 4898 1069 4955 Alexandrinerzeit‘
1089 4896 1126 4950 II
1137 4900 1167 4966 p.
1187 4895 1280 4964 646>
