3775 5659
870 463 913 529 33

791 554 996 562 ——-———

262 673 444 758 excedens,
482 670 667 740 universus
704 669 884 738 hominum
928 670 1188 739 liberandorum
1226 694 1390 740 numerus
1428 672 1539 741 maior

262 777 384 846 luisset
416 800 520 866 quam
554 778 708 865 198,000:
741 775 773 842 h.
799 799 827 843 e.
862 775 918 843 illa
951 776 1056 841 πολλὰ
1088 785 1149 840 τῶν
1181 777 1400 862 ἐπιμαστιδίων
1423 778 1541 842 τέκνων

262 902 444 947 numerum
477 879 680 968 implessent
712 878 842 947 milium
874 878 1180 967 duodeoctoginta‚
1213 879 1249 945 id
1280 902 1359 947 cum
1380 879 1540 947 Aristeas

261 983 291 1050 si
314 1006 420 1051 sanus
442 984 556 1072 putari
578 983 691 1067 vellet,
715 1004 849 1070 ponere
871 1004 943 1049 non
974 982 1134 1070 potuerit,
1167 980 1286 1070 utique
1317 982 1540 1069 cogitandum

263 1086 327 1154 erit
350 1087 394 1154 de
416 1087 550 1154 numeri
573 1086 779 1174 corruptela.
825 1085 892 1153 iam
916 1085 1054 1174 losephi
1076 1088 1141 1174 460
1172 1086 1227 1153 tal.
1252 1085 1467 1174 respondent
1489 1086 1539 1152 dr.

262 1213 333 1277 arg.
367 1192 540 1279 2,760‚ooo
570 1189 658 1273 (sive
691 1189 741 1257 dr.
778 1212 871 1278 cupr.
907 1191 1129 1278 16,560,ooo),
1162 1189 1383 1277 existuntque
1416 1189 1466 1256 sic
1498 1212 1540 1256 ex

262 1293 398 1362 ratione
420 1291 595 1359 vicenaria
620 1293 757 1380 138,ooo
780 1291 949 1375 homines
973 1291 1005 1358 h.
1030 1314 1059 1358 e.
1075 1290 1196 1380 implet
1211 1292 1345 1358 adiecta
1361 1290 1541 1358 infantium

262 1396 462 1463 lactantium
486 1417 567 1485 pars
590 1417 773 1462 numerum
799 1396 839 1462 18
847 1417 921 1478 000,
945 1394 980 1461 id
1004 1394 1100 1483 quod
1121 1394 1259 1462 videtur
1282 1393 1488 1462 credibilius,

365 1521 403 1588 p.
421 1498 458 1583 6,
475 1497 536 1566 22.
581 1498 888 1584 προσανενεχδέντος
910 1499 955 1583 δὲ]
979 1509 1032 1565 est
1053 1499 1261 1566 vocabulum
1283 1497 1474 1586 legitimum
1497 1498 1542 1565 de

263 1601 524 1690 magistratibus¹
556 1625 676 1690 regem
708 1614 767 1670 aut
799 1601 1022 1689 magistratus
1044 1601 1245 1689 superiores
1277 1600 1312 1669 in
1343 1623 1382 1667 re
1413 1600 1541 1669 difficili

264 1715 323 1771 aut
345 1716 572 1774 controversa
596 1705 864 1791 consulentibus,
888 1728 920 1772 ν.
943 1726 1023 1795 pap.
1047 1704 1154 1773 Paris.
1179 1727 1211 1792 p.
1234 1706 1307 1792 364,
1331 1723 1392 1794 79:
1424 1705 1541 1789 προσή-

265 1829 373 1886 κοντος
395 1811 466 1894 ὑμῖν
554 1819 750 1896 παραχρῆμα
773 1809 1018 1894 προσαναφὲρειν
1049 1810 1127 1893 ὑπὲρ
1157 1818 1220 1873 τῶν
1251 1809 1424 1873 δοκούντων
1455 1810 1541 1892 ἔχειν

265 1914 333 1975 τινὰ
355 1912 497 1977 δίστασιν
512 1912 553 1979 al.
592 1912 626 1976 δὲ
641 1911 844 2000 particulam
867 1934 909 1978 ex
932 1911 989 1979 Hs
1010 1911 1144 1996 retinui,
1167 1950 1211 1959 —
1234 1933 1444 1999 quamquam
1466 1910 1541 1977 fieri

264 2026 382 2104 potest
402 2026 440 2082 ut
463 2015 497 2081 in
519 2015 829 2101 προσανενεχθέντος
851 2014 1064 2102 reliquorum
1087 2013 1192 2081 lateat
1214 2015 1469 2099 προοανενεχθὲν
1492 2014 1537 2078 bl:
1565 2021 1569 2028 “

264 2117 451 2186 accusativi
489 2119 581 2186 enim
614 2118 764 2186 absoluti
796 2141 867 2185 non
899 2118 1013 2185 minus
1043 2116 1217 2206 legitimus
1250 2117 1304 2185 hic
1336 2118 1425 2185 foret
1456 2138 1541 2183 usus

264 2244 369 2310 quarn
390 2222 551 2309 genetivi,
575 2245 606 2289 ν.
631 2226 712 2287 οὕτω
735 2223 854 2307 δοχθὲν
887 2244 936 2289 vs
973 2243 1021 2309 19,
1054 2224 1289 2307 παρεπιγραιρὲν
1321 2221 1347 2284 δ’
1377 2221 1454 2305 ἡμῖν
1486 2241 1540 2307 ap.

262 2323 498 2391 Wilckenium
521 2335 585 2391 act.
610 2346 662 2391 ac.
686 2323 799 2391 Berol.
825 2325 909 2391 1886
931 2346 963 2411 p.
986 2325 1041 2409 8,ss
1064 2323 1105 2390 al.

366 2448 404 2515 p.
428 2427 466 2513 6,
489 2426 538 2494 22
559 2447 620 2516 sq.
646 2428 692 2494 ,εἰ
715 2430 834 2490 καὶ-
856 2427 1045 2512 δοθήσεται]
1068 2426 1317 2512 εἰκοσαδραχμία
1340 2426 1409 2509 (vel
1431 2427 1542 2490 εἰκοσα

265 2532 424 2616 δραχμια),
450 2531 544 2620 quod
567 2530 681 2598 HLN
698 2531 837 2617 habent,
871 2531 1091 2599 manifestum
1123 2542 1176 2597 est
1207 2529 1313 2597 luisse
1335 2529 1542 2617 scripturam

265 2634 453 2724 archetypi.
501 2657 576 2703 eam
595 2646 709 2702 autem
726 2657 817 2722 nego
836 2657 944 2723 posse
960 2657 1071 2702 cums
1087 2633 1211 2702 mutari
1226 2633 1261 2700 in
1278 2636 1377 2697 εἴκοσι
1393 2632 1540 2718 δραχμία,

264 2736 370 2805 immo
392 2759 433 2805 ea
455 2737 531 2825 ipsa
553 2738 772 2805 correctione
794 2737 915 2805 vitium
938 2736 1056 2805 inferri
1078 2749 1183 2824 puto:
1206 2758 1287 2803 nam
1311 2758 1376 2803 nec
1391 2736 1542 2822 δραχμίον

265 2838 439 2908 Graecum
463 2841 606 2909 omnino
629 2841 767 2908 videtur
790 2853 833 2926 et,
857 2852 894 2907 ut
917 2839 971 2925 sit,
996 2838 1189 2907 diminutivi
1211 2839 1268 2907 hic
1289 2861 1435 2927 prorsus
1450 2838 1543 2906 nulla

264 2944 362 3010 ratio
408 2944 559 3032 denique
581 2967 686 3012 causa
708 2944 926 3032 corruptelae
958 2942 1061 3031 plane
1092 2943 1184 3010 latet.
1230 2942 1339 3009 altera
1370 2963 1412 3009 ex
1444 2954 1543 3030 parte

264 3059 323 3114 aut
346 3047 444 3114 fallor
466 3058 525 3115 aut
548 3047 799 3133 εἰκοσαδραχμια
821 3047 1076 3115 substantivum
1109 3046 1203 3114 omni
1237 3057 1331 3113 caret
1359 3045 1543 3133 reprehen-

264 3151 372 3219 sione.
416 3150 529 3237 ipsum
565 3149 705 3237 quidem
737 3149 772 3216 id
803 3149 1012 3218 vocabulum
1045 3149 1128 3217 alias
1161 3161 1279 3217 extare
1301 3172 1372 3216 non
1395 3149 1541 3234 videtur,

265 3253 328 3320 sed
360 3262 454 3319 extat
484 3251 670 3320 formatum
702 3274 846 3340 prorsus
878 3250 1035 3321 similiter
1066 3252 1302 3338 πενταδραχμία
1324 3252 1413 3334 (sive
1435 3275 1542 3317 πεντε·

265 3356 425 3442 δραχμία).
480 3355 582 3423 Cono
620 3357 761 3445 quidam
792 3357 1020 3425 Atheniensis
1072 3379 1136 3445 per
1186 3357 1340 3445 quinque
1377 3357 1542 3445 deinceps

265 3480 377 3525 annos
407 3461 452 3540 (V.
476 3456 619 3546 Sauppe
642 3459 719 3526 Ber.
745 3460 776 3526 d.
801 3460 913 3527 stchs.
938 3457 1022 3527 Ges
1047 3459 1079 3525 d.
1104 3458 1211 3526 Wiss,
1238 3461 1319 3548 1855
1342 3483 1375 3548 p.
1399 3463 1455 3544 21)
1477 3483 1542 3549 pro

264 3561 335 3629 filio
358 3561 504 3629 absente
526 3560 681 3649 singulas
704 3562 889 3629 drachmas
912 3564 1067 3646 θεωρικοῦ
1099 3562 1241 3630 nomine
1272 3574 1431 3651 ceperat:
1466 3586 1542 3631 eam

265 3686 436 3732 summam
460 3685 538 3731 cum
570 3662 771 3752 Hyperides
802 3664 937 3752 vulgari
971 3664 1113 3732 nomine
1145 3665 1305 3752 designet
1335 3667 1380 3753 (p.
1416 3688 1453 3755 17
1487 3668 1540 3735 ed.

265 3764 406 3833 Blass³2
435 3771 490 3831 καὶ
522 3766 632 3832 Κόνων
666 3769 722 3852 μὲν
753 3767 769 3830 δ
801 3766 967 3843 Παιανιεὺς
998 3769 1046 3831 δτι
1077 3767 1155 3851 ὑπὲρ
1187 3778 1242 3832 τοῦ
1274 3769 1329 3832 ὑοῦ
1361 3768 1475 3855 ἔλαβεν
1507 3773 1542 3833 τὸ

197 3869 201 3876 ’
266 3868 420 3952 θεωρικὸν
442 3871 688 3956 ἀποδημοῦντος,
723 3870 815 3935 πέντε
847 3871 994 3956 δραχμῶν
1026 3872 1134 3935 ἕνεκεν
1165 3871 1314 3936 ἱκετεύων
1345 3873 1424 3958 ὑμᾶς
1447 3873 1541 3958 ate),

265 3969 462 4037 Dinarchus
485 3971 532 4040 ita
555 3973 674 4041 definit
697 3973 723 4055 (l
744 3975 818 4061 56):
851 3975 904 4038 τὸν
926 3975 985 4058 τήν
1007 3973 1258 4059 πεντεδραχμίαν
1281 3976 1331 4038 ἐπὶ
1354 3984 1397 4060 τῷ
1421 3986 1475 4039 τοῦ
1498 3978 1542 4061 μὴ

265 4076 416 4159 παρόντος
437 4074 562 4160 ὀνόματι
594 4076 702 4162 λαβεῖν
734 4077 925 4159 ἀξιώσαντα,
960 4115 1004 4124 -
1034 4087 1073 4143 ut
1103 4077 1206 4165 plane
1237 4089 1404 4166 appareat
1435 4099 1542 4142 πεντε-

266 4176 422 4264 δραχμίαν
443 4199 588 4265 prorsus
611 4202 689 4247 esse
711 4181 802 4247 idem
820 4201 860 4246 ac
875 4179 969 4244 πέντε
985 4180 1128 4265 δραχμάς
1150 4181 1256 4268 (apud
1271 4179 1544 4271 Xenophontem

265 4279 343 4347 hist.
368 4279 429 4349 Gr.
453 4280 518 4364 [6,
544 4303 584 4348 12
607 4283 845 4369 πενταδραχμία
877 4281 1046 4350 Chiorum
1076 4305 1238 4350 nummus
1262 4294 1323 4370 est,
1347 4307 1378 4352 ν.
1396 4284 1543 4353 Hultsch

265 4381 414 4450 Metrol.²
439 4406 471 4473 p.
495 4387 582 4472 554).
628 4385 716 4451 hanc
749 4385 853 4474 igitur
884 4385 928 4452 ad
952 4385 1210 4453 similitudinem
1243 4385 1427 4455 formatum
1461 4391 1542 4452 εἰκο-

266 4487 447 4573 σαδραχμία
470 4489 505 4557 in
528 4499 707 4577 posterum
731 4490 863 4557 suadeo
886 4500 924 4556 ut
947 4490 982 4556 in
1003 4490 1113 4556 lexica
1135 4490 1321 4579 recipiatur
1344 4502 1378 4557 et
1402 4491 1543 4559 eiciatur

265 4590 404 4675 δραχμία
427 4589 600 4674 (Schmidt
623 4591 718 4680 quod
734 4593 899 4661 coniecit:
924 4597 1063 4678 καὶπερὶ
1086 4595 1204 4659 τούτων
1219 4596 1541 4680 προοανενεχδὲντος,

266 4694 293 4755 εἰ
315 4694 415 4756 εἴκοσι
437 4694 471 4778 (ἢ
495 4695 594 4780 πόσα)
617 4695 753 4781 δραχμία
785 4696 961 4781 δοθήσεται
995 4696 1138 4764 omnino
1171 4695 1294 4764 falsum
1327 4707 1398 4764 est:
1430 4696 1544 4763 hiatus

265 4794 314 4861 sic
346 4794 489 4862 infertur
520 4835 563 4844 —
594 4800 622 4862 εἰ
653 4800 752 4862 εἰκοσι
775 4831 826 4884 -—‚
861 4798 1000 4884 δραχμία
1030 4798 1231 4885 retinentur,
1265 4799 1544 4888 supplementum

1322 4906 1339 4953 a
