3775 5659
896 489 1127 588 ...a-.-

363 704 526 760 centenas
549 691 689 760 vicenas
722 696 756 778 (ᾗ
787 715 830 785 25
861 693 1029 758 ἐκέλευσεν
1056 696 1134 779 ὑπὲρ
1165 696 1302 761 ἑκάστου
1334 706 1396 762 τῶν
1427 696 1498 781 παρ’
1529 698 1634 772 αὐτοῖς

362 795 574 881 αἰχμαλώτων
596 798 791 883 καταβαλεῖν
812 799 955 883 δραχμὰς
977 798 1093 862 ἑκατὸν
1115 800 1237 880 εἴκοσι).
1283 820 1373 887 quae
1395 799 1539 867 mutatio
1562 821 1634 865 non

361 912 479 989 potest
502 923 581 969 esse
602 900 761 969 fortuita:
784 924 873 969 nam·
889 901 1038 968 redeunt
1059 901 1152 989 apud
1175 901 1268 969 illum
1291 914 1458 969 centenae
1490 901 1634 969 vicenae

363 1004 413 1071 dr.
438 1002 473 1073 in
495 1008 516 1088 §
538 1006 581 1072 28
604 1017 638 1071 et
659 1026 711 1092 33.
757 1006 866 1072 altera
889 1027 931 1071 ex
953 1014 1053 1092 parte
1068 1027 1146 1072 cum
1161 1005 1329 1092 Iosephus
1346 1027 1487 1093 quoque
1508 1005 1636 1072 habeat

363 1106 696 1194 quadringentorum
721 1108 887 1174 talentum
910 1129 1081 1175 summam
1113 1109 1149 1192 (ᾗ
1172 1129 1212 1195 27
1236 1108 1386 1172 πλειόνων
1417 1108 1444 1171 δ’
1473 1111 1494 1193 ἢ
1526 1130 1634 1193 τετρα·

362 1210 476 1273 κσσίων
497 1210 657 1274 ταλάντων
680 1220 737 1294 τῆς
752 1210 999 1294 ἀπολυτρώσεως
1013 1211 1210 1295 γενήσεσθαι
1226 1211 1391 1296 φαμένων),
1414 1211 1633 1299 perspicuum

362 1324 416 1381 est
437 1313 581 1382 consilio
605 1336 683 1382 eum
705 1313 850 1402 singulis
864 1314 1027 1382 Aristeae
1049 1314 1223 1382 drachmis
1238 1315 1458 1383 substituisse
1480 1314 1634 1386 eiusdem

361 1415 463 1504 pretii
486 1439 599 1484 senas,
645 1417 690 1485 ad
715 1439 837 1484 aurum
860 1428 977 1485 autem
1010 1428 1044 1485 et
1075 1429 1271 1505 argentum·
1291 1440 1369 1485 cum
1399 1418 1444 1485 ab
1475 1417 1533 1486 illo
1563 1441 1635 1485 non

362 1520 513 1607 potuerit
535 1520 657 1588 referri
678 1521 768 1589 ratio
791 1521 880 1588 inter
913 1543 929 1588 1
956 1532 990 1589 et
1011 1524 1033 1589 6
1055 1521 1284 1607 intercedens
1316 1522 1399 1590 nihil
1430 1534 1539 1590 restat
1571 1521 1634 1589 nisi

361 1634 400 1690 ut
422 1622 606 1690 drachmas
628 1623 791 1691 Aristeae
811 1663 855 1672 —
878 1646 969 1712 quae
990 1646 1115 1713 reapse
1137 1647 1263 1693 aureae
1278 1626 1530 1713 intellegendae
1546 1636 1634 1710 sunt,

361 1749 393 1793 ν.
417 1726 506 1793 infra
526 1766 570 1775 —
591 1749 656 1814 pro
679 1728 853 1815 argenteis
876 1727 1049 1816 acceperit
1071 1741 1288 1816 argentoque
1310 1728 1525 1797 substituerit
1547 1750 1636 1795 sum·

362 1852 454 1898 mam
478 1831 625 1899 eandem
648 1831 753 1918 cupri.
799 1831 846 1899 ita
868 1844 985 1901 autem
1007 1853 1131 1900 revera
1153 1832 1241 1900 ratio
1263 1833 1401 1921 Iosephi
1432 1832 1535 1901 aetati
1559 1855 1637 1900 con·

361 1934 474 2002 venit:
499 1947 554 2003 est
575 1935 667 2002 enim
690 1935 725 2003 in
756 1957 892 2024 papyro
916 1936 1114 2005 Britannica
1146 1960 1175 2004 a.
1208 1938 1309 2026 78l79
1338 1961 1370 2025 p.
1396 1937 1477 2006 Chr.
1512 1961 1544 2004 n.
1569 1940 1635 2025 (ap.

361 2038 567 2126 Kenyonem
599 2062 631 2107 n.
656 2038 807 2107 CXXXI
837 2062 870 2127 p.
901 2041 963 2108 166
994 2044 1061 2128 sq.)
1093 2040 1296 2109 drachmum
1328 2051 1572 2128 argentearum
1603 2051 1637 2107 et

364 2163 569 2229 cuprearum
601 2142 788 2209 discrimen
821 2161 909 2231 117,
942 2166 975 2211 v.
1000 2143 1162 2212 Wilcken
1185 2142 1303 2212 Goett.
1328 2143 1404 2212 Gel.
1428 2143 1516 2212 Anz.
1555 2145 1638 2230 1894

361 2268 394 2332 p.
417 2267 491 2333 742·
578 2245 739 2314 Aristeas
771 2246 847 2334 ipse
879 2246 963 2334 quin
994 2269 1076 2315 suas
1108 2247 1293 2315 drachmas
1315 2247 1464 2314 voluerit
1486 2246 1637 2333 intellegi

362 2371 486 2417 aureas
504 2348 562 2416 vix
582 2360 701 2437 potest
723 2372 803 2419 esse
825 2350 978 2418 dubium.
1023 2351 1213 2419 liberantur
1235 2362 1308 2418 tum
1331 2350 1403 2418 fere
1425 2349 1549 2418 adulti:
1572 2371 1637 2436 pro

362 2452 412 2519 eis
443 2463 559 2521 autem
590 2454 710 2522 datum
742 2476 925 2522 aurearum
960 2455 1164 2523 drachmum
1195 2455 1394 2522 vicenarum
1428 2452 1578 2542 pretium
1609 2453 1637 2519 si

361 2567 583 2644 comparatur
599 2579 677 2625 cum
693 2558 859 2645 exemplis
875 2558 951 2627 aliis
966 2562 1011 2644 (ν.
1022 2559 1220 2627 Lumbroso
1231 2567 1338 2644 ,econ
1348 2557 1455 2646 polit‘
1465 2579 1498 2645 p.
1512 2578 1549 2644 17
1560 2561 1636 2644 sq.)‚

362 2671 417 2726 est
439 2659 621 2738 credibile;
645 2683 723 2729 cum
747 2662 892 2731 totidem
915 2664 966 2730 dr.
985 2674 1231 2751 argenteae-
1246 2683 1392 2750 quarum
1417 2661 1499 2746 12¹!²
1515 2681 1639 2747 aequa·

361 2764 446 2830 bant
468 2763 623 2852 singulas
655 2786 778 2833 aureas
812 2767 856 2849 (V.
881 2765 1030 2834 Hultsch
1061 2766 1211 2833 Metrol.²
1235 2788 1273 2853 p„
1291 2768 1368 2852 647)
1389 2803 1433 2812 —
1455 2783 1639 2831 servorum

362 2865 512 2935 dominis
543 2867 669 2936 iustam
701 2867 848 2937 fuissent
877 2869 1100 2957 praebiturae
1138 2869 1305 2957 querendi
1344 2889 1494 2935 causam.
1554 2865 1637 2933 illud

361 2980 477 3038 autem
498 2970 648 3059 pretium
671 2982 744 3039 tum
767 2972 908 3041 demum
930 2971 970 3040 fit
991 2973 1135 3041 nimium
1151 2995 1229 3040 cum
1246 2972 1349 3039 etiam
1372 2994 1436 3060 pro
1452 2970 1639 3039 infantibus

361 3073 570 3141 lactantibus
593 3074 741 3164 exigitur
772 3078 817 3160 (v.
842 3080 863 3161 §
887 3079 961 3160 22):
994 3088 1030 3144 at
1052 3076 1087 3144 id
1109 3087 1250 3144 notatur
1282 3076 1326 3143 ab
1359 3075 1436 3162 ipso
1470 3072 1640 3160 scriptore

362 3188 506 3265 propter
528 3177 578 3245 rei
601 3179 852 3248 enormitatem.
1280 3201 1283 3205 ⁴

462 3301 501 3370 p.
543 3282 581 3366 5,
619 3282 647 3349 l.
708 3283 852 3348 ἐκθεῖναι
893 3284 1094 3370 πρόσταγμα]
1128 3283 1215 3352 conf.
1251 3306 1278 3350 e.
1311 3306 1343 3371 g.
1376 3282 1528 3370 Kenyon
1560 3303 1629 3369 pap

360 3383 449 3451 Mus.
483 3383 566 3452 Brit.
599 3408 633 3474 p.
666 3409 710 3474 49
730 3426 773 3434 —
796 3409 885 3454 saec.
909 3387 952 3454 lll
985 3410 1013 3454 a.
1039 3387 1120 3456 Chr.
1153 3411 1197 3473 n,
1229 3408 1261 3453 V.
1285 3386 1436 3474 Kenyon
1466 3409 1499 3473 p.
1533 3383 1583 3451 lX
1606 3378 1641 3450 et

362 3485 524 3555 Wilcken
556 3487 674 3557 Goett.
708 3488 783 3559 Gel.
815 3490 903 3557 Anz.
941 3491 1025 3578 1894
1055 3513 1088 3577 p.
1120 3508 1184 3579 725
1214 3508 1274 3556 -:
1309 3492 1395 3553 κατὰ
1432 3492 1466 3552 τὸ
1504 3489 1639 3553 ἐκτεθὲν

361 3589 561 3677 πρόσταγμα
589 3593 792 3678 ‚secundum
816 3593 967 3661 edictum
1000 3593 1134 3682 regium
1157 3594 1435 3681 promulgatum‘.

464 3716 502 3783 p.
527 3696 565 3781 5,
589 3697 617 3764 l.
641 3696 677 3764 2.
723 3699 778 3772 τὰς
801 3697 835 3760 δὲ
857 3698 1044 3782 ἀπογραφὰς
1065 3699 1228 3763 ποιεῖσθαι
1251 3695 1323 3779 παρ’
1341 3695 1434 3779 αὐτά]
1458 3695 1641 3779 ἀπσγραφαὶ

361 3797 504 3885 proprie
527 3799 744 3887 appellantur
776 3800 1044 3888 professiones,
1077 3801 1109 3868 h.
1143 3823 1171 3868 e.
1206 3798 1359 3868 minutae
1390 3802 1517 3865 rerum'
1538 3798 1642 3866 vecti·

359 3899 488 3987 galium
512 3902 767 3991 descriptiones
789 3927 810 3971 a
831 3903 976 3991 privatis
998 3904 1118 3972 factae.
1164 3924 1284 3971 earum
1299 3912 1522 3970 succrescunt
1537 3901 1642 3970 hodie

362 4004 520 4092 exempla
552 4006 713 4094 antiqua:
746 4030 778 4074 v.
810 4019 951 4095 praeter
981 4029 1153 4096 papyrum
1185 4006 1291 4073 modo
1326 4004 1540 4073 nominatam
1571 4005 1641 4073 Ma-

360 4106 457 4195 haffy
487 4129 566 4196 pap.
590 4110 618 4177 ll
649 4133 682 4198 p.
706 4112 750 4198 36
773 4122 806 4177 et
829 4111 919 4178 butt
934 4112 978 4178 de
1002 4133 1090 4179 corr.
1114 4110 1192 4177 hell.
1218 4111 1258 4176 18
1281 4110 1392 4198 (1894)
1414 4132 1447 4197 p.
1474 4128 1536 4198 145
1560 4131 1638 4177 cum

360 4210 644 4281 adnotationibus
660 4214 857 4300 Wilckenii,
882 4214 1000 4283 Goett.
1018 4214 1094 4283 Gel.
1112 4213 1200 4281 Anz.
1226 4215 1308 4301 1895
1323 4236 1356 4302 p.
1376 4232 1436 4301 145
1452 4234 1503 4299 sq.
1544 4213 1639 4300 quod

361 4325 477 4382 autem
508 4318 540 4385 h.
574 4318 593 4385 l.
628 4319 759 4387 domini
791 4319 954 4386 iubentur
985 4320 1171 4403 ἀπογραφὰς
1208 4316 1322 4385 facere
1352 4337 1536 4384 servorum
1567 4338 1639 4384 non

362 4419 502 4486 taxandi
535 4422 598 4488 sed
634 4421 804 4502 liberandi
835 4422 956 4510 gratia,
989 4421 1063 4489 eius
1084 4420 1134 4488 rei
1166 4443 1270 4489 causa
1301 4418 1484 4487 manifesta
1516 4430 1586 4486 est:
1624 4441 1644 4486 a

362 4517 485 4588 fraude
525 4524 747 4598 dominorum
779 4526 973 4594 cavendum
990 4523 1089 4593 erat
1117 4548 1207 4614 quae
1239 4519 1407 4593 committi
1440 4535 1561 4611 posset
1593 4545 1643 4590 re-

361 4618 505 4693 tinendo
546 4650 670 4696 servos
706 4629 853 4697 ludaeos
886 4628 999 4697 bonos
1031 4628 1347 4715 substituendoque
1378 4626 1465 4694 alios
1494 4626 1642 4694 inutiles.

362 4751 431 4816 qua
461 4729 506 4798 de
529 4753 635 4799 causa
656 4732 691 4800 in
714 4732 790 4825 ipso
816 4730 929 4799 edicto
952 4734 986 4816 (ᾗ
1010 4737 1063 4820 19)
1087 4732 1237 4801 dominis
1252 4730 1462 4819 praecipitur
1484 4741 1522 4798 ut
1544 4729 1640 4818 ipsos
1719 4767 1721 4769 ν

360 4831 520 4900 homines
560 4834 826 4923 magistratibus
858 4833 1044 4903 exhibeant
1076 4836 1353 4919 (καταδεικνὺντας
1394 4836 1472 4901 εὐθὺ
1506 4836 1563 4898 καὶ
1603 4835 1643 4896 τὰ
