3775 5659
347 735 505 814 spectant
538 736 655 794 tamen
688 725 732 793 ad
769 748 844 794 eam
869 749 960 815 quae
982 738 1055 794 tum
1080 738 1153 794 erat
1176 748 1253 794 cum
1285 748 1346 793 rex
1370 724 1519 794 edictum
1542 745 1619 813 pro-

346 829 519 916 mulgavit
533 852 649 897 rerum
673 829 930 899 condicionem:
955 829 1107 915 ,omnino
1129 829 1233 917 igitur
1255 829 1380 897 iniuste
1402 828 1505 896 etiam
1528 849 1619 895 nunc

345 931 483 1000 abducti
522 944 595 1000 tum
631 932 792 1001 homines
825 933 859 1000 in
892 933 1047 1001 dominio
1079 933 1191 1001 alieno
1224 934 1332 1000 sunt‘:
1365 933 1488 1017 ἀλόγως
1519 952 1617 995 κατα-

345 1036 596 1100 δυναστεύονται.
645 1036 740 1124 quod
764 1058 833 1124 quo
856 1036 968 1123 magis
990 1036 1235 1126 perciperetur,
1262 1035 1363 1104 colon
1385 1046 1466 1123 post
1481 1033 1620 1118 ὠφέλεια

346 1162 366 1205 a
388 1137 582 1207 Schmidtio
604 1140 756 1227 positum
781 1139 990 1208 commutavi
1021 1162 1098 1207 cum
1119 1151 1258 1228 puncto.

922 1465 949 1577 ς
977 1469 1038 1551 ιο.

448 1665 486 1732 p.
519 1643 557 1729 5,
590 1642 652 1711 28.
716 1652 809 1706 πᾶσιν
839 1644 893 1705 οὖν
924 1641 1101 1726 ἀνθρώποις
1133 1646 1169 1705 τὸ
1200 1642 1318 1707 δίκαιον
1350 1643 1526 1728 ἀπονέμειν
1545 1645 1617 1729 ὁμο-

344 1748 539 1835 λογούμεναι]
565 1770 668 1836 quam
692 1769 775 1815 vere
797 1747 883 1814 haec
905 1746 1021 1834 posita
1055 1746 1123 1814 sint
1154 1747 1292 1814 abunde
1324 1747 1451 1814 docent
1483 1747 1616 1834 papyri,

343 1852 438 1919 velut
460 1873 538 1940 pap.
562 1850 669 1918 Paris
701 1852 741 1918 61
766 1873 798 1938 p.
821 1869 903 1938 351:
937 1861 991 1913 τοῦ
1023 1849 1175 1935 βασιλέως
1196 1854 1251 1915 καὶ
1274 1861 1331 1935 τῆς
1352 1850 1537 1937 βασιλίσσης
1559 1854 1617 1935 πρὸ

343 1956 464 2020 πολλοῦ
487 1954 669 2040 ἡγουμένων
692 1954 810 2032 πάντας
834 1957 904 2029 τοὺς
926 1955 986 2017 ὑπὸ
1010 1957 1066 2038 τὴν
1089 1954 1249 2041 βασιλείαν
1281 1955 1559 2037 δικαιοδοτεῖσθαι,
1584 1977 1616 2021 v.

344 2079 434 2145 quae
455 2056 653 2145 composuit
675 2056 712 2123 E.
736 2054 918 2124 Schwartz
951 2078 1036 2122 mus.
1061 2055 1170 2123 Rhen.
1203 2080 1246 2143 40
1266 2058 1378 2143 (1885)
1410 2079 1443 2144 p.
1466 2059 1531 2145 256
1553 2080 1615 2146 sq,

345 2182 434 2248 quae
456 2158 554 2227 facile
576 2159 712 2248 possint
734 2158 960 2247 multiplicari.

444 2284 482 2354 p.
520 2263 558 2349 6,
600 2262 635 2331 2.
689 2249 785 2328 παντί
820 2266 874 2327 καί
910 2262 971 2345 (ita
1008 2274 1103 2330 recte
1132 2286 1150 2330 s
1184 2285 1249 2351 pro
1282 2266 1338 2349 μὴ)
1371 2262 1449 2326 καθ’
1482 2263 1616 2327 ὁντινοῦν

343 2365 465 2450 τρόπον]
490 2365 657 2454 ,quisquis
679 2406 723 2413 —
745 2366 777 2433 h.
803 2388 831 2433 e.
856 2365 931 2433 sive
965 2365 1063 2433 miles
1094 2365 1170 2432 sive
1200 2364 1357 2453 privatus
1379 2364 1486 2432 homo
1508 2405 1552 2414 —
1574 2388 1616 2433 ex

343 2468 496 2557 qualibet
518 2469 719 2536 ratione—
741 2469 773 2536 h.
798 2492 826 2536 e
850 2468 925 2536 sive
949 2469 1044 2557 quod
1076 2467 1219 2537 abduxit
1250 2468 1325 2557 ipse
1357 2468 1431 2537 sive
1466 2469 1548 2536 emit
1571 2468 1615 2536 ab

342 2571 481 2638 aliis-
503 2572 638 2640 habet
596 2561 665 2639 tm
687 2571 852 2639 famulitio
874 2571 1042 2639 Iudaeos‘.

445 2697 483 2764 p.
507 2676 544 2761 6,
576 2675 611 2743 7.
656 2674 915 2760 καθεσταμένους
946 2687 1041 2742 recte
1072 2674 1209 2763 scripsit
1196 2674 1472 2745 tSchmidt-
1502 2698 1617 2801 neque

344 2777 435 2844 enim
459 2800 506 2865 pu
508 2777 572 2844 tari
593 2799 640 2865 po
643 2788 711 2846 test
733 2775 923 2845 Aristeas
915 2800 990 2865 ipse
1012 2778 1173 2867 posuisse
1195 2780 1449 2863 κατεσταμὲνους
1470 2763 1615 2847 HLN¹I

343 2881 510 2964 codicum,
549 2880 707 2969 qualia
699 2903 734 2947 ιιι
770 2881 912 2972 papyris
957 2881 1198 2969 neglegentius
1242 2882 1378 2970 scriptis
1423 2883 1616 2971 frequentia

342 2996 423 3051 sunt
443 3024 495 3069 -,
520 2983 560 3050 cf.
585 3006 663 3073 pap.
688 2983 795 3052 Paris.
819 3007 851 3072 p.
875 3007 948 3073 297,
971 3004 1013 3073 5:
1048 2985 1247 3071 Πτολεμαίου
1270 2987 1346 3069 [τοῦ]
1370 2987 1614 3072 καθισταμένου

342 3088 392 3152 διὰ
417 3098 471 3151 τοῦ
495 3088 526 3151 ἐν
559 3097 602 3173 τῷ
635 3088 834 3175 [Ἀνουβιείῳ]
867 3088 1150 3173 ἀρχιφυ[λακίτου],
1183 3111 1215 3176 p.
1247 3105 1320 3176 357,
1344 3090 1382 3157 6:
1415 3090 1443 3152 οί
1474 3091 1615 3174 δὲπαρά

342 3199 403 3253 τῶν
436 3192 723 3277 τοπογραμματέων
754 3191 987 3278 καθεσταμένα
1019 3191 1093 3275 πρὸς
1127 3214 1161 3255 τε
1185 3191 1303 3269 τούτοις
1336 3196 1391 3257 καί
1422 3203 1486 3268 τοῖς
1509 3193 1615 3269 ἄλλοις

342 3302 514 3377 χειρισμοῖς
537 3294 750 3419 κριθήσονται
787 3294 855 3358 κτὲ.
918 3305 1014 3383 patet
1044 3305 1158 3362 autem
1196 3296 1480 3382 κατεσταλμένους,
1521 3297 1615 3411 quod
1731 3369 1733 3371 ,

342 3394 472 3462 habent
493 3380 546 3463 ΝΙ
546 3420 573 3482 s,
597 3396 643 3464 nil
667 3419 744 3464 esse
767 3397 832 3464 nisi
865 3398 1118 3484 κατεσταμένους
1148 3398 1346 3466 coniectura
1378 3398 1480 3468 etiam
1503 3399 1615 3486 magis

342 3498 510 3585 depravat
511 3523 579 3567 um

344 4001 346 4008 ,
446 3951 484 4021 p.
487 3875 546 4017 6,
569 3931 684 4000 10.ἐ
786 3930 941 4016 ξειν]
966 3932 1082 4000 omisit
1104 3933 1171 4002 hoc
1195 3933 1297 4002 colon
1329 3892 1507 4025 losephus,
1541 3937 1615 4004 sive

344 4035 438 4121 quod
470 4057 541 4101 non
573 3955 764 4120 intellexit(p
725 4035 854 4103 tsive
878 4035 1013 4124 quod
1005 4058 1072 4104 ram
1104 4036 1235 4104 invenit
1266 4052 1465 4128 corruptum
1498 4043 1532 4124 (§
1552 4059 1612 4127 31:

341 4136 608 4221 προσαγγελλέτω
631 4138 666 4201 δὲ
688 4141 758 4213 τοὺς
780 4138 1018 4223 ἀπειθήσαντας
1040 4140 1057 4202 ὁ
1080 4139 1319 4225 βουλόμενος,
1301 4163 1343 4206 ων
1366 4165 1422 4219 τας
1443 4143 1549 4219 οὐσίας
1572 4145 1615 4219 είς

342 4242 399 4324 τὴν
430 4239 597 4330 βασιλικὴν
630 4250 743 4324 κτῆσιν
775 4242 985 4325 ἀνενεχθῆναι
1017 4242 1190 4327 βούλομαι).
1237 4243 1331 4331 quod
1362 4257 1477 4312 autem
1509 4246 1558 4329 ἐφ’
1589 4248 1614 4331 ᾧ

341 4341 464 4429 scripsi
487 4364 552 4430 pro
575 4344 637 4428 ἔφη
660 4343 818 4411 codicum
841 4343 970 4426 -ἐπὶ,
996 4343 1090 4432 quod
1113 4356 1290 4432 tamquam
1314 4368 1415 4414 suum
1438 4348 1614 4435 insignivit

341 4442 509 4529 Schmidt,
534 4443 601 4511 iarn
625 4467 706 4532 pars
727 4469 745 4513 s
767 4446 881 4530 habet,
905 4468 1011 4513 sensu
1034 4458 1150 4514 tamen
1172 4447 1208 4514 id
1231 4470 1360 4516 carens.
1374 4488 1425 4534 —,
1450 4449 1485 4516 id
1508 4463 1542 4518 et
1564 4452 1613 4518 rei

342 4558 376 4613 et
398 4545 562 4634 loquendi
593 4547 670 4614 usui
699 4548 799 4615 unice
831 4559 884 4615 est
916 4561 1053 4637 aptum:
1086 4550 1125 4617 cs.
1149 4550 1191 4617 111
1213 4550 1318 4618 Mace.
1342 4572 1371 4638 3,
1395 4554 1455 4620 28:
1489 4555 1614 4641 μηνύειν

341 4649 376 4726 δέ
398 4652 451 4712 τὸν
472 4649 735 4818 βουλόμενον,φ
697 4651 712 4713 ἐ
736 4651 745 4674 '
767 4654 792 4735 ᾧ
815 4654 872 4736 τὴν
894 4651 1001 4715 οὐσίαν
1024 4663 1079 4717 τοῦ
1101 4653 1306 4738 ἐμπίπτοντος
1328 4654 1388 4718 ὑπὸ
1405 4658 1462 4741 τήν
1477 4657 1614 4721 εὔθυναν

340 4753 500 4838 λήμψεται
522 4755 590 4818 κτὲ.
616 4754 835 4837 (indicativus
858 4757 953 4844 quod
975 4758 1031 4825 hic
1053 4759 1214 4848 posttp’
1236 4762 1260 4842 ᾠ
1292 4758 1428 4846 positus
1451 4770 1504 4824 est
1526 4757 1614 4826 sicut
1663 4812 1666 4817 .

340 4855 376 4922 in
398 4854 563 4942 Mahaffyi
598 4879 675 4945 pap
707 4857 788 4946 IIp.
824 4861 885 4947 [47,
918 4861 1096 4946 πίῑέςρίθ
1119 4861 1286 4945 παρέξεται
1319 4872 1407 4950 etp
1432 4863 1515 4948 1151,
1542 4863 1611 4943 111:
