3775 5659
997 501 1037 571 18

912 600 1116 607 —————....

378 708 464 780 salsa
487 736 528 780 ea
550 724 603 781 est
626 711 761 803 opini03
786 714 902 781 differt
925 715 1016 782 enim
1032 714 1246 783 Iudaicarum
1260 714 1451 782 litterarum
1474 711 1585 782 sorma
1607 711 1650 781 ab

378 814 572 901 Aramaica‚
583 816 671 884 sicut
686 838 803 884 sermo
819 839 960 906 quoque
974 816 1180 885 Iudaeorum
1197 817 1312 886 differt
1321 818 1365 884 ab
1375 816 1650 885 Aramaeorum.‘

263 959 266 964 ,
379 941 469 1007 quae
491 919 663 987 sententia
685 920 948 1008 transponendo
966 920 1065 988 facile
1080 919 1243 988 efficitur:
1267 930 1469 1006 χαρακτῆρσι
1490 924 1551 1005 γὰρ
1568 920 1651 996 ἰδίοις

378 1026 463 1086 κατὰ
487 1026 545 1107 τὴν
566 1022 723 1089 Ἰουδαίων
746 1022 814 1105 (vel
837 1026 903 1107 -αν)
925 1034 1076 1109 χρῶνται,
1110 1025 1260 1109 καθάπερ
1283 1024 1460 1112 Αἰγύπτιοι.
1508 1023 1651 1108 ὑπολαμ-

378 1125 521 1211 βάνονται
540 1128 675 1211 <μὲν>
692 1126 834 1210 Συριακῇ
850 1127 996 1212 χρῆσθαι
1012 1136 1051 1211 τῇ
1068 1136 1130 1192 τῶν
1144 1127 1338 1213 γραμμάτων
1357 1127 1459 1209 θέσει,
1485 1129 1521 1189 τὸ
1543 1126 1569 1190 δ’
1591 1128 1650 1190 οὐκ

378 1230 475 1310 ἔστιν,
500 1228 573 1293 ἀλλ’
594 1231 698 1314 ἕτερος
717 1229 842 1313 τρόπος,
868 1231 955 1294 καθὸ
978 1233 1034 1294 καί
1049 1233 1156 1316 φωνην
1171 1230 1248 1295 ἰδίαν
1265 1231 1403 1316 ἔχουσιν.
1452 1251 1557 1317 quam
1573 1252 1650 1296 con·

377 1330 619 1399 formationem
643 1355 686 1399 ex
708 1344 807 1420 parte
829 1333 952 1400 saltem
975 1355 1100 1421 reapse
1130 1333 1235 1401 refert
1264 1333 1433 1422 Iosephus
1456 1337 1477 1419 §
1503 1354 1542 1421 15
1564 1334 1650 1400 haec

376 1434 424 1502 ita
445 1435 615 1504 reddens:
649 1436 737 1502 δοκεῖ
758 1438 813 1521 μὲν
834 1439 895 1520 γὰρ
918 1437 996 1500 εἰναι
1020 1447 1059 1522 τι]
1083 1438 1212 1523 ἰδιότητι
1236 1446 1297 1502 τῶν
1319 1436 1437 1522 Συρίων
1458 1436 1650 1522 γραμμάτων

377 1539 512 1624 ἐμφερὴς
534 1540 551 1602 δ
573 1542 742 1625 χαρακτὴρ
773 1540 875 1602 αὐτῶν
906 1542 962 1603 καί
993 1543 1052 1626 την
1086 1543 1193 1626 φωνην
1223 1540 1332 1625 ὁμοίαν
1363 1543 1470 1616 αὐτοῖς
1501 1541 1648 1627 ἀπηχεῖν,

377 1642 547 1727 ἰδιότροπον
581 1642 615 1705 δὲ
637 1643 737 1725 αὐτὴν
768 1642 846 1704 εἰναι
879 1642 1141 1730 συμβέβηκεν-
1162 1643 1221 1711 ubi
1244 1655 1361 1711 tamen
1383 1643 1492 1711 Verba
1514 1645 1569 1707 καὶ
1591 1646 1650 1728 την

377 1747 482 1830 φωνην
504 1746 611 1830 ὁμοίαν
634 1747 740 1820 αὐτοῖς
762 1744 902 1828 ἀπηχεῖν
924 1758 959 1813 et
981 1747 1071 1814 male
1092 1758 1173 1815 sunt
1188 1747 1311 1815 effecta
1329 1770 1369 1814 ex
1386 1747 1547 1815 Aristeae
1562 1747 1648 1810 naht

376 1851 431 1911 καὶ
454 1852 560 1933 φωνὴν
583 1848 660 1913 ἰδίαν
684 1851 811 1933 ἔχουσιν
834 1858 868 1916 et
891 1850 980 1917 male
1011 1850 1187 1919 collocata.
1232 1863 1373 1939 recepta
1404 1863 1519 1919 autem
1542 1860 1649 1918 trans·

376 1951 550 2039 positione
580 1951 636 2021 illa
667 1955 784 2024 omnia
814 1970 909 2024 recte
941 1954 1151 2043 procedunt:
1184 1954 1289 2021 cardo
1321 1954 1371 2021 rei
1402 1955 1547 2023 vertitur
1578 1979 1649 2024 non

376 2055 522 2143 amplius
545 2056 580 2123 in
602 2057 737 2126 ratione
759 2059 957 2148 Aegyptios
980 2059 1068 2125 inter
1091 2068 1125 2125 et
1146 2057 1293 2126 ludaeos
1316 2058 1561 2143 intercedente,
1585 2060 1648 2128 sed

375 2158 410 2224 in
434 2181 475 2226 ea
499 2182 588 2248 quae
618 2160 765 2230 Iudaeos
796 2164 886 2231 inter
916 2174 950 2228 et
980 2163 1177 2230 Aramaeos
1208 2162 1269 2229 sit:
1302 2161 1468 2249 Aegyptii
1500 2186 1570 2230 non
1601 2164 1648 2231 in-

375 2259 529 2331 leruntur
560 2264 625 2332 nisi
657 2265 692 2332 in
723 2276 932 2336 transcursu.
985 2269 1079 2348 (sunt
1109 2265 1143 2332 ni
1176 2265 1299 2332 mirum
1322 2265 1543 2354 intellegendi
1566 2266 1648 2334 indi·

374 2386 486 2452 genae
522 2367 688 2456 Aegyptii
734 2392 754 2437 a
791 2369 1040 2438 Macedonibus
1078 2368 1294 2457 Graecisque
1327 2390 1472 2456 prorsus
1509 2369 1647 2437 discreti

375 2470 419 2550 (ν.
443 2470 641 2539 Lumbroso
664 2472 814 2561 ‚l’Egitto
839 2473 893 2540 dei
918 2472 1022 2541 Greci
1046 2495 1065 2538 e
1090 2472 1145 2539 dei
1167 2472 1326 2540 Romani‘
1352 2474 1434 2560 1895
1456 2496 1488 2560 p.
1511 2475 1554 2561 63
1570 2476 1646 2561 sq.),

375 2574 558 2662 potuitque
579 2588 674 2643 recte
706 2576 896 2645 litterarum
930 2577 974 2644 ab
1006 2576 1141 2644 ludaeis
1171 2565 1375 2644 usitatarum
1408 2576 1539 2643 formae
1570 2599 1647 2665 pro-

375 2677 503 2765 prietas
525 2678 618 2766 apud
651 2677 887 2748 Ptolemaeum
919 2702 1040 2767 regem
1072 2679 1231 2747 illustrari
1264 2679 1422 2767 exemplo
1454 2680 1646 2748 domestico

374 2779 467 2847 haud
501 2780 614 2848 minus
645 2781 819 2870 singulari.
874 2783 1032 2867 Αἰγύπτια
1063 2784 1234 2868 γράμματα
1272 2784 1351 2851 alibi
1390 2783 1530 2871 proprie
1567 2795 1647 2850 sunt

372 2882 506 2949 litterae
529 2883 742 2967 ,demoticae‘
758 2888 810 2968 (v.
828 2885 990 2953 Wilcken
1013 2885 1144 2972 ,Goett
1167 2884 1242 2953 Gel.
1266 2886 1364 2952 An2.‘
1390 2886 1473 2973 1894
1495 2907 1527 2973 p.
1550 2890 1646 2974 725):

373 2987 441 3054 hoc
464 2999 580 3055 tamen
601 2986 679 3055 loco
703 2986 957 3078 intellegendae
980 3003 1014 3057 et
1035 2989 1113 3057 illae
1136 3002 1170 3056 et
1184 2988 1488 3078 hieroglyphicae).
1512 2988 1557 3056 ad
1572 3011 1646 3057 rem

372 3089 483 3177 ipsam
507 3092 602 3178 quod
624 3092 754 3179 attinet,
778 3104 899 3161 notum
922 3094 1027 3161 hodie
1059 3106 1111 3161 est
1133 3092 1354 3161 Aramaicam
1377 3091 1582 3180 scripturam
1604 3131 1647 3141 -

373 3216 477 3281 quam
500 3193 659 3263 Aristeas
682 3218 724 3262 ex
748 3195 853 3267 titulis
876 3196 1070 3265 Aramaicis
1085 3196 1120 3264 in
1137 3196 1303 3284 Aegypto
1319 3207 1392 3263 tum
1407 3195 1645 3284 frequentibus

372 3299 416 3378 (v.
443 3295 546 3384 Corp.
571 3297 681 3393 lnscr,⁸
700 3296 795 3367 Sem.
818 3298 855 3384 ll,
883 3323 898 3366 1
923 3321 955 3387 p.
982 3322 1043 3367 122
1065 3303 1131 3387 sq.)
1162 3322 1269 3367 nosse
1299 3298 1411 3387 potuit
1431 3338 1475 3346 —
1498 3299 1645 3367 similem

374 3399 513 3486 quidem
536 3399 642 3468 fuisse
666 3400 695 3467 ei
720 3424 789 3489 qua
819 3401 934 3469 Iudaei
959 3401 1237 3469 Palaestinenses
1268 3414 1340 3468 tum
1373 3402 1560 3469 utebantur
1582 3400 1645 3469 sed

372 3525 443 3570 non
468 3502 614 3570 eandem
646 3504 690 3583 (ν.
715 3504 866 3571 tabulam
889 3503 1080 3588 Nowackii,
1113 3504 1248 3588 ,Lehrb
1273 3503 1305 3571 d.
1329 3506 1424 3572 hebr.
1449 3504 1645 3573 Archaeol.‘

371 3604 440 3694 lp.
463 3607 549 3692 285),
574 3604 679 3693 idque
712 3606 814 3673 etiam
847 3607 959 3694 magis
992 3607 1083 3675 cadit
1113 3607 1147 3674 in
1181 3606 1412 3676 dialectos-
1435 3629 1643 3695 quamquam

372 3707 407 3774 in
438 3708 514 3796 ipsa
544 3708 615 3776 vita
649 3709 778 3776 dudum
814 3722 886 3778 tum
919 3722 1083 3799 coeperat
1114 3711 1288 3780 Hebraica
1319 3731 1529 3778 evanescere
1559 3730 1644 3796 prae

371 3811 566 3897 Aramaua,
587 3811 623 3878 id
647 3812 741 3900 quod
764 3813 907 3881 consilio
931 3825 1023 3881 tacet
1045 3826 1253 3903 personatus
1275 3812 1484 3881 Demetrius.
1531 3812 1643 3896 Συρια-

372 3919 426 3992 κδς
448 3914 598 4003 denique
621 3916 716 4003 quod
738 3916 793 3984 hic
815 3917 967 4006 positum
993 3930 1045 3986 est
1067 3941 1131 4007 pro
1153 3917 1349 4000 Aramaico‚
1381 3915 1417 3982 id
1439 3915 1478 3983 fit
1501 3938 1543 3983 ex
1566 3938 1644 3983 con·

372 4018 572 4086 suetudine:
605 4042 636 4086 ν.
671 4020 828 4108 exempla
851 4032 1018 4109 congesta
1048 4021 1313 4088 aBehrmanno
1345 4018 1464 4107 (praef.
1489 4018 1643 4087 Danielis

373 4122 457 4209 1894
474 4143 506 4210 p.
524 4121 556 4188 V
571 4126 646 4210 sq.),
671 4121 821 4190 Reschio
845 4122 981 4208 (,Texte
1003 4147 1035 4190 u.
1053 4123 1203 4191 Unters.‘
1225 4121 1270 4207 X,
1298 4144 1313 4189 1
1339 4144 1370 4210 p.
1393 4124 1436 4210 83
1458 4126 1534 4209 sq.),
1559 4120 1642 4188 aliis

371 4225 533 4293 notabilis
555 4226 590 4293 in
613 4226 732 4315 primis
756 4248 833 4314 pap.
858 4226 1023 4313 Mahaffyi
1055 4226 1087 4293 ll‘
1115 4248 1147 4314 p.
1171 4244 1232 4314 23:
1264 4226 1465 4313 Πειοίίδημον
1497 4224 1557 4307 (ita
1587 4224 1643 4291 vel

371 4326 526 4394 similiter
547 4327 709 4396 Wilcken
732 4327 859 4415 ,Goett
885 4327 961 4398 Gel.
986 4328 1084 4396 Anz.‘
1119 4331 1201 4417 1895
1224 4352 1256 4418 p.
1290 4333 1364 4418 145)
1387 4331 1419 4404 ὃς
1441 4330 1496 4391 καί
1518 4327 1644 4413 Συριστὶ

370 4427 523 4507 Ἰωνοίθας
546 4431 703 4496 καλεῖται.

960 4602 1051 4713 δί·
1143 4597 1146 4601 '

356 4811 357 4815 ,
380 4814 382 4817 ⁴
457 4762 511 4830 «p,
534 4740 572 4826 3,
597 4741 633 4810 8.
678 4702 1028 4827 ἀρχισωματοφύλακας
1050 4754 1145 4810 recte
1168 4741 1306 4809 codices
1322 4741 1414 4826 boni,
1439 4740 1544 4829 idque
1559 4737 1642 4828 legit

370 4842 539 4931 Iosephus
555 4865 696 4931 quoque
710 4846 745 4928 (§
764 4845 822 4911 18:
838 4844 1018 4929 διαλέγεται
1035 4856 1099 4922 τοῖς
1114 4849 1246 4930 ἄρχουσι
1262 4854 1324 4907 τῶν
1340 4843 1642 4929 σωματοφυλάκων);
