3775 5659
1011 513 1054 576 22

926 605 1130 612 -——--—-

979 712 1069 822 §a

493 908 531 977 p.
555 887 593 973 3,
617 887 677 956 24,
722 890 827 952 εἴασεν
849 889 891 964 εἰς
914 889 973 972 τὴν
995 886 1167 953 οἰκετείανῑ
1192 886 1367 971 ,militibus
1390 888 1523 956 servire
1538 911 1663 977 passus

392 991 464 1057 est‘.
520 992 562 1067 εἰς
595 989 864 1079 praepositionis
895 1011 962 1077 pro
999 989 1032 1054 ἐν
1069 999 1256 1077 usurpatae
1292 1012 1370 1056 cum
1408 990 1474 1058 alia
1504 990 1664 1060 Aristeas

392 1093 550 1181 exempla
564 1115 636 1160 non
651 1093 779 1160 habeat
794 1093 907 1160 hiatus
923 1092 1004 1181 fuga
1019 1091 1238 1160 insolentiam
1254 1093 1285 1159 h.
1302 1092 1322 1160 l.
1339 1093 1503 1181 genuisse
1517 1094 1662 1164 videtur.

492 1216 530 1284 p.
555 1196 592 1281 3,
616 1195 678 1264 25.
723 1198 784 1282 οὐχ
806 1200 903 1273 ούτιυς
934 1196 1018 1280 ate]
1041 1195 1081 1263 cs.
1105 1195 1208 1263 Diod.
1234 1218 1282 1284 19,
1306 1218 1357 1284 79,
1380 1198 1419 1265 6:
1453 1196 1591 1274 πλεύσας
1613 1199 1664 1262 ἐπὶ

391 1298 537 1362 Κιλικίαν
560 1297 793 1381 (Ptolemaeus
816 1297 934 1383 Soter)
957 1298 1089 1363 Μαλλόν
1112 1298 1178 1363 εἷλε
1201 1302 1256 1363 καὶ
1271 1302 1342 1375 τούς
1357 1299 1664 1386 ἐγκαταληφθέντας

391 1400 691 1488 ἐλαφυροπώλησεν.
739 1401 901 1487 ἐπόρθησε
932 1402 966 1465 δὲ
998 1404 1054 1465 καὶ
1085 1403 1142 1488 τὴν
1175 1401 1269 1486 ἐγγὺς
1290 1401 1410 1486 χώραν,
1435 1405 1490 1467 καὶ
1513 1406 1547 1465 τό
1571 1425 1663 1488 στρα-

392 1504 523 1569 τόπεδον
538 1504 691 1589 ὠφελείας
706 1504 873 1591 ἐμπλήσας
882 1504 1081 1569 ἀπέπλευσεν
1091 1506 1133 1581 εἰς
1142 1506 1201 1589 τὴν
1209 1504 1348 1590 Κύπρον·
1374 1504 1663 1571 ἐπολιτεύετο

391 1609 435 1671 δέ
466 1610 576 1690 πρός
599 1611 698 1684 τοὺς
740 1606 1031 1694 στρατιώτας,
1075 1610 1172 1683 ούτιυς
1204 1607 1436 1692 ἐκκαλούμενος
1475 1609 1578 1674 αὐτῶν
1609 1611 1664 1685 τὰς

391 1710 568 1797 προθυμίας
591 1713 633 1788 εἰς
656 1715 727 1789 τοὺς
749 1713 988 1798 ἐπιφερομένους
1009 1712 1179 1789 κινδύνους.
1226 1734 1307 1780 nam
1340 1722 1464 1780 natura
1494 1714 1535 1797 ἠν
1565 1713 1581 1776 ό
1613 1714 1663 1777 δυ-

392 1816 509 1902 νάστης
530 1818 620 1892 ούτος
643 1816 721 1881 καθ’
743 1816 918 1904 ὑπερβολὴν
940 1816 1082 1901 ἐπιεικὴς
1104 1820 1159 1880 καὶ
1182 1815 1443 1902 συγγνωμονικός,
1470 1818 1515 1880 ἔτι
1531 1816 1558 1880 δ’
1579 1818 1663 1900 εὐερ-

391 1917 535 2002 γετικός;
561 1916 664 1985 Diod.
690 1940 738 2006 19,
761 1919 813 2005 86,
836 1940 866 2007 3.

970 2214 992 2316 ς
1024 2210 1083 2295 ιο.

493 2409 531 2477 p.
554 2388 593 2474 3,
616 2386 680 2456 30.
726 2388 848 2473 μήποτε
872 2387 1037 2472 ,forsitan‘
1061 2397 1156 2454 recte
1187 2388 1293 2455 habet
1322 2391 1367 2466 (ν.
1391 2389 1431 2456 R.
1456 2391 1598 2459 Meister
1620 2392 1665 2459 ad

391 2492 595 2559 Herondam
618 2515 650 2580 p.
674 2494 760 2580 691),
785 2513 849 2559 nec
872 2512 961 2578 opus
978 2501 1031 2558 est
1045 2489 1228 2560 Schmidtii
1244 2492 1442 2561 coniectura
1458 2495 1581 2581 μήποτε
1596 2496 1661 2560 καί.

493 2593 555 2661 ib.
578 2596 599 2678 ᾖ
623 2593 819 2679 ἐλέγχεσθαι
839 2593 953 2661 hiatus
969 2615 1180 2682 quamquam
1202 2594 1464 2681 ᾐδιελέγχεσθαι
1479 2598 1665 2667 scribendo

392 2697 491 2765 facile
512 2696 625 2785 potuit
647 2697 757 2782 vitari,
783 2697 1018 2764 admittendus
1041 2696 1186 2783 videtur,
1212 2698 1251 2765 ef.
1275 2699 1426 2785 praef.§
1531 2745 1537 2767 .-

493 2820 531 2889 p.
564 2800 600 2886 4,
631 2800 660 2868 l.
723 2801 812 2887 ψυχῇ
854 2800 1012 2865 ἀπόλυσον
1051 2801 1204 2888 graviter
1244 2800 1374 2870 hiantia
1405 2825 1482 2871 cum
1510 2802 1665 2872 excusari

391 2926 462 2971 non
483 2905 629 2992 possint,
653 2904 812 2969 ἀπόλυσον
834 2904 1132 2992 transponendum
1156 2904 1220 2972 erit
1243 2917 1302 2973 aut
1316 2917 1397 2993 post
1412 2907 1497 2971 ἀλλὰ
1512 2919 1571 2975 aut
1587 2918 1667 2996 post

392 3007 626 3091 ταλαιπωρίαις.
651 3047 695 3055 -
726 3009 771 3074 ad
803 3006 968 3075 attributa
1000 3006 1095 3095 quod
1128 3006 1266 3093 attinet,
1296 3008 1402 3073 τελεία
1436 3009 1525 3095 ψυχὴ
1559 3021 1592 3076 et
1624 3032 1666 3076 ex

392 3109 520 3177 veteris
544 3121 578 3177 et
602 3133 643 3177 ex
666 3112 747 3178 novi
771 3110 922 3179 foederis
938 3110 1056 3188 τέλειος
1070 3133 1145 3195 voc.
1164 3110 1329 3198 exemplis
1345 3111 1444 3180 facile
1459 3111 1666 3200 intellegitur

392 3216 436 3295 (ν.
461 3211 673 3281 Schleusner
695 3214 800 3282 Thes.
825 3237 851 3282 s.
875 3237 907 3281 ν.
933 3225 967 3281 et
989 3212 1178 3282 Westcott²
1211 3214 1246 3282 in
1270 3236 1322 3303 ep.
1346 3215 1392 3282 ad
1414 3215 1520 3283 Hebr.
1544 3239 1577 3304 p.
1600 3218 1664 3303 63),

392 3315 529 3380 πλουσία
547 3315 677 3385 'autem
710 3341 752 3385 ex
785 3341 850 3386 usu
873 3318 1041 3386 Philoneo
1074 3318 1152 3406 (leg.
1185 3318 1230 3385 ad
1253 3317 1380 3388 Gaium
1404 3341 1430 3386 c.
1463 3338 1498 3407 7:
1531 3319 1666 3403 πλουσίᾳ

392 3422 472 3503 χειρὶ
495 3422 549 3483 καὶ
570 3421 693 3506 γνώμῃ,
727 3444 755 3489 c.
779 3440 842 3489 21:
875 3422 1006 3507 ἀφθόνῳ
1038 3425 1093 3485 καὶ
1114 3422 1250 3507 πλουσίᾳ
1273 3424 1354 3508 χειρὶ
1376 3425 1432 3486 καὶ
1452 3421 1575 3508 γνὼμμ,
1600 3421 1664 3504 al).

977 3749 999 3852 ξ
1026 3749 1088 3832 ll.

494 3941 532 4010 p.
556 3921 592 4007 4,
612 3921 649 3989 5.
694 3924 728 3985 όν
746 3925 801 3985 καὶ
817 3922 941 4004 πάντες,
967 3923 1058 4006 ἡμεῖς
1080 3921 1126 4005 δέ,
1145 3922 1285 4007 βασιλεύ,
1306 3923 1389 4006 aas]
1413 3923 1665 4011 argumentatio

393 4036 446 4093 est
469 4026 572 4092 haec:
600 4037 637 4093 ut
661 4025 861 4114 quaerendo
885 4025 1022 4113 repperi
1054 4028 1178 4109 (καθὼς
1208 4026 1466 4113 περιείργασμαι),
1500 4026 1591 4095 idem
1614 4037 1667 4093 est

391 4128 597 4196 Iudaeorum
632 4129 718 4197 deus
749 4151 790 4196 ac
821 4129 879 4217 qui
910 4141 1007 4196 tuum
1039 4150 1186 4216 regnum
1217 4129 1315 4216 regit.
1371 4151 1473 4219 quem
1506 4130 1598 4197 enim
1621 4128 1666 4196 illi

393 4232 509 4300 colunt
532 4232 636 4300 deum
658 4255 775 4301 rerum
798 4232 953 4300 omnium
975 4244 1209 4321 spectatorem
1231 4256 1273 4301 ac
1295 4234 1520 4318 conditorem,
1543 4233 1666 4301 iseum

393 4336 436 4402 ab
461 4335 633 4404 universis
656 4336 819 4424 gentibus
843 4336 984 4420 colatur,
1010 4349 1082 4403 tum
1116 4336 1262 4405 anobis
1286 4338 1423 4407 Graece
1444 4336 1667 4424 loquentibus

393 4438 591 4507 hominibus
613 4440 702 4507 illius
724 4450 881 4529 potestas
903 4440 958 4507 vel
981 4441 1057 4528 ipsa
1080 4440 1311 4529 appellatione
1332 4443 1476 4527 (ἐτύμωςι
1501 4463 1532 4508 ν.
1554 4440 1668 4530 Cony·

393 4542 498 4609 beare
520 4543 565 4609 ad
587 4541 671 4610 Phil.
697 4543 793 4610 dev.
818 4554 908 4610 cont.
932 4566 965 4630 p.
992 4547 1065 4632 194)
1089 4544 1303 4632 exprimitur;
1326 4546 1413 4631 Ζῆνα
1437 4543 1528 4610 enim
1553 4556 1587 4611 et
1610 4544 1668 4609 Δία

393 4667 471 4713 cum
495 4645 648 4731 dicimus,
673 4646 822 4713 creantis
844 4647 961 4714 omnia
983 4647 1160 4735 vitamque
1182 4647 1392 4715 infundentis
1415 4647 1565 4714 numinis
1587 4648 1667 4716 ima-

393 4748 509 4837 ginem
532 4749 608 4837 ipsa
630 4748 747 4837 lingua
763 4748 952 4837 antiquitus
967 4750 1009 4831 (οἱ
1024 4760 1139 4834 πρῶτοι
1155 4751 1358 4837 όιεσήμαναν)
1382 4748 1552 4817 informat.
1579 4770 1667 4837 quae

394 4850 498 4940 igitur
521 4851 636 4919 ludaei
659 4874 724 4920 suo
748 4851 815 4919 deo
839 4850 1002 4937 tribuunt,
1040 4853 1162 4920 eadem
1194 4851 1287 4939 apud
1310 4873 1376 4919 nos
1406 4852 1462 4919 vel
1493 4851 1569 4939 ipsa
1599 4873 1668 4919 ser·
