3775 5659
1707 476 1785 541 17

1653 684 1841 789 §a

683 845 761 914 p.
808 822 881 910 2,
927 822 1031 892 17.
1115 824 1579 913 κατασταθεὶς]
1630 822 1961 913 incipiunt
2006 821 2305 908 Eusebii,
2354 843 2589 910 praep.
2640 844 2743 888 ev,
2791 820 2941 889 VIII
2984 842 3027 887 2

481 939 809 1016 excerpta
875 928 942 1011 (b
975 952 1038 1018 g
1077 928 1108 993 τ’
1164 926 1440 994 codices
1505 927 1820 1010 excussi).
1924 950 1987 993 v,
2058 937 2418 1015 praeterea
2480 924 2755 1013 Iosephi
2837 946 3029 1013 para-

480 1030 783 1120 phrasin,
831 1043 967 1098 ant.
1016 1030 1158 1098 Iud.
1203 1030 1334 1098 XII
1381 1054 1454 1098 11
1506 1053 1608 1120 sq.
1659 1031 1764 1098 ed.
1812 1030 2043 1098 Niese.

683 1154 760 1223 p.
793 1132 1007 1220 2,18.
1098 1134 1551 1222 ἐχρηματίσθη
1599 1134 1810 1199 πολλὰ
1857 1134 2141 1219 διάφορα]
2189 1133 2369 1201 male
2400 1134 2684 1201 omnino
2711 1131 3031 1202 Schmidt

485 1239 875 1325 ἐχρημάτισε
924 1237 1234 1322 coniecit,
1281 1238 1518 1305 verbis
1565 1238 1824 1305 scilicet
1869 1259 2158 1326 prorsus
2206 1261 2347 1305 non
2411 1237 2791 1306 intellectis.
2885 1247 3026 1304 est:

486 1342 832 1430 ‚pecunias
880 1363 1170 1429 magnas
1216 1342 1490 1430 publice
1535 1340 1842 1429 accepit.‘
1913 1362 2043 1407 nec
2088 1342 2497 1427 χρηματίζειν
2566 1362 2695 1408 nec
2739 1339 3030 1424 διάφορον

482 1444 581 1512 sic
623 1456 956 1534 usurpata
1002 1444 1372 1533 quicquam
1418 1445 1679 1512 habent
1740 1444 1810 1511 in
1872 1443 2004 1510 hac
2050 1443 2449 1513 Graecitate
2514 1443 2804 1510 insoliti:
2870 1464 3027 1529 χρη-

482 1550 758 1635 ματίζειν
805 1548 1247 1637 ,persolvere‘
1296 1559 1364 1615 et
1408 1547 1925 1634 χρηματίζεσθαι
1973 1546 2329 1635 ,accipere‘
2376 1546 2558 1614 dicta
2604 1545 2693 1613 de
2736 1545 3031 1633 pecunia

481 1662 718 1720 extant
760 1675 824 1719 V.
875 1674 928 1719 c.
979 1651 1165 1740 apud
1209 1650 1674 1718 Wilckenium
1723 1649 2219 1736 ,Actenstsscke
2263 1672 2389 1717 aus
2434 1650 2496 1717 d.
2545 1648 2798 1737 konigl.
2833 1648 3030 1716 Bank

480 1778 567 1822 zu
611 1753 928 1821 Theben‘
973 1757 1128 1837 (act.
1177 1753 1368 1820 acad.
1416 1753 1641 1820 Berol.
1695 1754 1885 1837 1886)
1931 1775 1995 1820 n.
2042 1754 2121 1832 6;
2184 1773 2264 1841 73
2326 1776 2371 1841 9
2431 1753 2746 1838 (ὁμολογῶ
2792 1775 3027 1839 κεχρη-

485 1858 790 1944 ματίσθαι
855 1857 956 1921 διὰ
1003 1867 1114 1920 σοῦ
1161 1859 1286 1921 ἀπὸ
1350 1866 1465 1943 τῆς
1527 1858 1591 1921 ἐν
1657 1856 1987 1922 Διοσπόλει
2058 1855 2375 1942 τραπέζης
2432 1856 2683 1941 χαλκοῦ
2746 1856 3029 1921 τάλαντα

481 1962 668 2044 δύω);
711 1982 792 2028 Io
823 1960 904 2027 al.
930 1980 944 2041 ;
979 1961 1243 2044 διάφορα
1273 1971 1505 2027 autem
1535 1959 1862 2027 Aristeae
1893 1971 2083 2027 recte
2112 1959 2250 2027 iam
2282 1958 2649 2047 explicavit
2678 1959 3032 2027 Letronne

481 2064 597 2148 (ad
641 2064 845 2132 inser.
893 2064 1159 2131 Rosett.
1225 2086 1326 2131 vs,
1373 2069 1520 2152 29);
1589 2088 1651 2132 v.
1702 2075 2066 2152 praeterea
2126 2064 2328 2131 inscr.
2376 2062 2849 2130 Andaniensis
2893 2064 3027 2149 (ap.

482 2168 1096 2256 Dittenbergerum
1141 2167 1290 2256 syll.
1337 2168 1540 2235 inser.
1589 2191 1652 2235 n.
1699 2169 1853 2255 388)
1901 2179 2107 2256 caput
2168 2171 2308 2250 περὶ
2353 2176 2477 2231 τῶν
2522 2166 2829 2250 διαφόρων
2875 2187 3029 2232 cum

482 2269 772 2359 Sauppii
803 2270 1252 2338 adnotatione
1274 2273 1628 2360 (,ausgeW.
1651 2269 1873 2339 Schr.‘
1899 2292 1963 2358 p.
1985 2274 2138 2358 275)
2170 2282 2238 2338 et
2270 2270 2587 2358 exempla
2611 2270 2699 2336 ab
2731 2267 3030 2336 Hatchio

483 2373 713 2441 adlata
755 2373 1068 2460 (,studies
1114 2374 1184 2441 in
1228 2374 1514 2442 Biblical
1561 2373 1817 2443 Greek‘
1863 2397 1929 2462 p.
1976 2377 2148 2457 261).

686 2497 764 2566 p.
785 2477 858 2563 2,
878 2475 1003 2545 23.
1052 2477 1388 2542 σπουδάσω
1407 2488 1596 2545 recte
1616 2473 1797 2561 Eus„
1819 2477 2138 2564 πληρώσω
2159 2478 2339 2545 enim
2362 2476 2685 2544 Aristeae
2715 2475 3030 2542 codicum

482 2591 720 2647 natum
769 2590 874 2646 est
921 2601 1005 2645 ex
1050 2580 1370 2668 proximo
1418 2582 1858 2666 πληρωθῆναι.
1939 2581 2274 2645 σπουδάσω
2320 2583 2400 2644 τὰ
2447 2581 2637 2644 λοιπά
2681 2577 3032 2665 iungenda

487 2705 643 2750 esse
685 2683 1241 2773 interpunctione
1286 2684 1617 2753 indicavi:
1668 2707 1853 2770 ,mox
1899 2707 2132 2752 curam
2181 2684 2576 2773 impendam
2628 2680 3028 2767 colligendis

486 2786 787 2875 reliquiS,
835 2799 910 2857 ut
954 2798 1142 2855 totus
1188 2810 1518 2858 numerus
1563 2787 1899 2855 efficiatur
1945 2788 2399 2877 quingentum
2446 2787 2744 2855 miliuni*.
2824 2783 3028 2851 futuri

485 2889 707 2958 forma
751 2892 974 2961 activa
1015 2933 1103 2942 —
1150 2892 1585 2977 σπουδάσομαι
1653 2891 1835 2958 enim
1900 2891 2123 2958 forma
2186 2891 2371 2958 bona
2414 2930 2500 2939 -—
2545 2891 2820 2957 aliunde
2864 2899 3032 2951 nota

482 2994 572 3074 (v,
621 2993 941 3064 Schmidt
985 2997 1095 3083 ,de
1124 2996 1397 3085 Iosephi
1432 2996 1622 3063 eloc.‘
1669 3018 1733 3084 p.
1766 2997 1958 3083 446);
2006 2995 2378 3073 σπουδάζειν
2409 3016 2485 3078 τι,
2534 3015 2784 3079 ,curam
2820 3015 3032 3079 agere

482 3096 766 3166 alicuius
810 3100 932 3166 rei‘
979 3100 1345 3167 locutionis
1393 3098 1710 3188 exempla
1752 3122 1816 3165 v.
1865 3121 1973 3187 ap.
2022 3098 2393 3166 Krebsium
2442 3120 2518 3183 ‚z.
2568 3095 2856 3163 Rection
2908 3095 3032 3159 der

482 3199 709 3268 Casus
755 3202 821 3269 in
871 3202 933 3269 d.
982 3213 1307 3290 spateren
1352 3202 1507 3270 hist.
1558 3200 1976 3270 Graecitaet‘
2022 3200 2077 3268 II
2123 3200 2495 3283 (Monachii
2564 3199 2752 3275 1333]
2816 3219 2876 3283 p.
2928 3219 3028 3283 Ξῖ*

1663 3441 1844 3552 §6-

688 3602 764 3671 p.
811 3580 884 3667 2,·
932 3580 1058 3649 29.
1171 3593 1572 3667 χαρακτῆρσι
1637 3586 1760 3668 γὰρ
1806 3583 1973 3666 κτὲ.]
2019 3582 2237 3649 verba
2281 3581 2535 3649 tradita
2580 3583 2896 3671 quamvis
2944 3583 3028 3651 ab

483 3684 787 3753 Eusebio
827 3684 927 3752 sic
973 3684 1109 3752 iam
1154 3683 1333 3750 lecta
1377 3695 1563 3751 stare
1607 3706 1747 3751 non
1781 3696 2095 3773 possunt.
2187 3706 2345 3753 nam
2381 3694 2459 3770 τῇ
2495 3694 2616 3751 τῶν
2648 3687 3032 3771 γραμμάτων

484 3787 666 3850 θέσει
709 3789 926 3856 verba
970 3798 1133 3876 post
1176 3796 1612 3873 χαρακτῆρσιν
1659 3787 1825 3864 ἰδίοις
1892 3787 2097 3874 plane
2159 3798 2320 3854 sunt
2381 3809 2896 3875 supervacanea
2964 3803 3032 3855 et

486 3888 816 3969 molesta3
879 3894 1053 3958 καθὸ
1100 3896 1211 3957 καὶ
1256 3894 1467 3977 φωνὴν
1514 3891 1669 3955 ἰδίαν
1714 3894 1935 3977 ἔχουσι
1998 3891 2436 3959 subabsurde
2497 3891 2676 3959 dicta
2744 3895 2800 3959 si
2868 3895 3032 3959 refe-

483 4003 723 4060 rantur
767 3992 857 4059 ad
897 3994 1308 4063 Iudaeorum
1355 4016 1747 4064 sermonem
1797 3996 1884 4062 ab
1931 3994 2239 4084 Aegypti
2286 3994 2764 4083 indigenarum
2816 3995 3032 4063 diver-

485 4117 639 4163 sum
682 4135 769 4143 —
811 4095 1224 4165 Iudaeorum
1272 4098 1455 4166 enim
1500 4098 1763 4165 litteras
1810 4097 2091 4164 differre
2155 4098 2243 4165 ab
2289 4098 2796 4185 Aegyptiorum
2848 4111 3032 4187 ’post-

487 4221 694 4288 quam
756 4222 880 4267 rex
949 4200 1238 4269 edoctus
1302 4214 1425 4288 est,
1490 4202 1606 4269 vix
1685 4212 1834 4268 erat
1907 4200 2190 4290 insuper
2266 4200 2664 4268 edocendus
2728 4203 3028 4287 linguam

487 4323 769 4391 quoque
841 4302 1254 4372 Iudaeorum
1320 4305 1601 4372 differre
1661 4304 1750 4372 ab
1816 4303 2331 4392 Aegyptiorum
2375 4324 2496 4383 -—;
2568 4303 2868 4391 denique
2932 4327 3032 4371 se-

486 4405 786 4474 cundum
834 4405 1260 4473 enuntiatum
1307 4406 1375 4473 in
1420 4407 1746 4475 Aristeae
1792 4405 2148 4473 codicibus
2195 4406 2443 4494 copula
2489 4420 2672 4473 care—t
2720 4407 2812 4483 [Ξὲ
2848 4419 3032 4471 extat

485 4508 671 4596 apud
717 4508 1095 4577 Eusebium
1140 4509 1410 4594 solum).
1504 4508 1981 4598 expectaveris
2012 4520 2243 4576 autem
2291 4532 2375 4576 ex
2406 4509 2505 4576 rei
2539 4509 2756 4599 ipsius
2791 4523 3032 4575 natura

485 4610 897 4679 sententiam
947 4612 1091 4679 fere
1157 4612 1375 4680 hanc:
1447 4613 1727 4698 ,habent
1789 4608 2021 4679 Iudaei
2086 4611 2155 4679 in
2216 4611 2604 4681 Palaestina
2676 4615 3028 4679 constituti

482 4712 746 4781 litteras
808 4714 1128 4803 proprias
1169 4753 1274 4801 —-‚
1340 4715 1517 4783 sicut
1564 4715 1827 4782 habent
1886 4715 2220 4804 Aegyptii
2286 4716 2401 4805 qui
2465 4738 2588 4784 sua
2652 4719 3032 4783 litteratura

482 4827 783 4884 utuntur.
850 4830 1176 4906 putantur
1239 4818 1516 4907 quidem
1579 4818 1790 4907 vulgo
1855 4818 1946 4885 illi
2009 4818 2399 4886 Aramaicis
2461 4818 2704 4885 litteris
2768 4819 2896 4895 uti,
2964 4831 3032 4883 at
