3775 5659
967 508 1011 574 28

452 733 491 802 p.
515 710 553 795 5,
586 710 623 778 9.
668 711 898 797 μεγαλομέρεια
930 723 1024 780 τεοῖο
1055 712 1193 801 scripsit
1215 711 1376 781 Schmidt
1398 737 1461 802 pro
1487 715 1622 800 μεγαλο-

352 815 441 900 μερίοι
464 815 626 902 vulgato:
659 813 750 884 illam
776 815 867 883 enim
890 815 1039 884 formam
1061 817 1172 884 solam
1203 817 1333 885 habent
1364 817 1451 886 tituli
1483 841 1573 887 saec.
1597 818 1624 886 ll

350 941 378 987 a.
404 917 486 987 Chr.
518 944 551 988 n.
584 919 702 1007 scripti
736 921 780 1002 (ν.
813 918 856 987 Ο.
891 918 1017 988 Glaser
1051 920 1106 1005 ,de
1139 942 1241 988 serm.
1265 920 1398 1009 Polyb.‘
1422 922 1505 990 diss.
1530 920 1622 991 Giss.

352 1022 436 1110 1894
457 1045 489 1110 p·
513 1026 577 1111 73)-

926 1332 954 1443 ο
981 1331 1043 1419 n.

453 1530 491 1597 p.
508 1507 546 1593 5,
569 1507 610 1576 13
630 1529 691 1597 sq.
728 1508 914 1595 πρόσταγμα
930 1508 998 1576 hoc
1013 1507 1146 1597 regium
1162 1509 1261 1577 finxit
1276 1511 1383 1580 homo
1398 1512 1623 1581 formularum

350 1610 569 1692 sollemnium
601 1612 721 1700 utique
752 1611 883 1700 peritus
914 1652 966 1697 —-,
999 1612 1065 1680 nisi
1099 1614 1194 1702 quod
1225 1613 1327 1682 nimis
1357 1616 1501 1703 longum
1533 1615 1621 1684 fecit.

348 1715 517 1803 Iosephus
549 1725 665 1782 tamen
695 1737 740 1782 ne
773 1714 808 1783 in
840 1715 1103 1784 transcribendo
1136 1716 1276 1805 quidem
1309 1719 1403 1806 quod
1434 1718 1623 1807 genuinum

350 1829 487 1906 putaret
510 1818 622 1886 edicto
645 1819 711 1886 hoc
734 1817 799 1887 sibi
822 1819 1029 1907 temperavit
1052 1820 1135 1908 quin
1157 1821 1339 1906 κυριολογίᾳ
1361 1821 1524 1889 Aristeae
1546 1823 1623 1890 sub·

349 1921 507 1995 stitueret
540 1945 622 1990 suas
656 1945 742 2011 quas
774 1923 932 2000 erederet
964 1923 1225 1991 emendationes
1262 1923 1370 2006 (velut
1406 1924 1523 2013 posuit
1558 1947 1623 2012 pro

348 2023 511 2094 Aristeae
533 2027 575 2102 εἰς
598 2028 656 2111 την
678 2025 769 2091 πόλιν
791 2027 836 2108 (ν.
860 2026 905 2092 ad
927 2028 947 2109 ᾗ
969 2031 1021 2109 2):
1054 2028 1096 2102 εἰς
1127 2029 1183 2101 τὰς
1205 2026 1310 2104 πόλεις
1345 2028 1446 2112 tipum
1480 2047 1545 2113 pro
1577 2025 1624 2093 in·

350 2128 491 2196 finitivis
513 2128 676 2217 legitimis
699 2131 744 2211 (ν.
769 2128 806 2196 B.
831 2128 970 2216 Peyron
992 2151 1070 2217 pap.
1095 2128 1129 2195 di
1152 2128 1293 2196 Londra
1315 2152 1348 2217 p.
1371 2148 1423 2217 35,
1448 2129 1623 2197 Letronne
1691 2199 1694 2203 ,

348 2255 427 2320 pap.
451 2232 558 2300 Paris
582 2256 614 2320 p.
638 2254 710 2320 203,
735 2233 791 2317 al.)
814 2232 961 2297 ἀπολύειν
984 2242 1180 2318 παραχρῆμα
1203 2236 1272 2312 τοὺς
1304 2235 1435 2318 ἔχοντας
1458 2244 1492 2299 et
1515 2236 1567 2296 τὸν
1590 2233 1623 2296 δὲ

349 2335 538 2423 βουλόμενον
560 2336 810 2421 προσαγγέλλειν
841 2335 1085 2425 imperativost
1118 2336 1355 2401 ἀπολυέτωσαν
1375 2336 1402 2399 οἱ
1424 2334 1496 2420 παρ’
1518 2336 1624 2411 αὑτοῖς

350 2441 477 2525 ἔχοντες
500 2450 534 2507 et
555 2441 822 2527 προσαγγελλέτω
845 2441 879 2505 δέ
912 2441 929 2505 ὁ
961 2440 1156 2527 βουλόμενος;
1189 2441 1307 2509 verbis
1339 2464 1410 2509 non
1443 2439 1624 2508 intellectis

348 2546 404 2619 τὰς
426 2543 452 2607 δ’
482 2545 668 2629 ἀπογραφὰς
694 2546 728 2610 έν
741 2545 880 2630 ,ἡμέραις
903 2547 999 2629 τρισὶν
1021 2544 1075 2628 ἀφ’
1105 2548 1143 2629 ης
1165 2544 1282 2630 ἡμέρας
1306 2547 1447 2609 ἔκκειται
1471 2547 1505 2607 τὸ
1529 2543 1622 2628 πρὸσ-

348 2668 475 2733 ταγμα,
519 2649 680 2712 ποιεῖσθαι
712 2651 787 2732 πρὸς
818 2652 889 2725 τοὺς
920 2648 1181 2733 καθεσταμένους
1202 2651 1272 2731 περὶ
1306 2648 1423 2712 τούτων
1449 2647 1515 2732 <§
1539 2659 1620 2733 19>

349 2749 525 2819 substituit
556 2751 659 2819 haec:
697 2752 847 2838 βούλομαι
879 2752 913 2815 δέ
944 2753 999 2826 τὰς
1030 2751 1215 2834 ἀπογραφὰς
1245 2752 1440 2845 (προγραφὰςΙ
1472 2750 1623 2833 codices)

349 2852 402 2937 ἀφ’
426 2856 464 2938 ης
484 2853 731 2941 ἐξεπέμφθησαν
755 2855 805 2918 ἐπὶ
828 2863 909 2938 τρεῖς
932 2852 1051 2939 ἡμέρας
1073 2854 1234 2916 ποιεῖσθαι
1257 2856 1331 2937 πρὸς
1354 2856 1425 2930 τοὺς
1448 2852 1497 2916 ἐπ’
1519 2855 1623 2916 αὐτῶν

348 2957 558 3042 ὑπάρχοντας,
583 2957 787 3044 διειληφαμεν
812 2957 879 3043 <§
900 2970 982 3032 20>
1008 2978 1083 3022 voc.
1108 2957 1152 3023 de
1175 2978 1259 3044 rege
1275 2978 1393 3023 secum
1409 2955 1624 3023 deliberante

348 3057 517 3127 sollemne
547 3061 591 3143 (v.
625 3059 821 3128 lumbroso
854 3067 962 3145 ‚econ
986 3058 1066 3148 pol‘
1089 3082 1122 3147 p.
1148 3060 1222 3143 180)
1254 3058 1385 3146 expulit
1416 3058 1623 3147 scripsitque

348 3162 499 3247 ἡγοῦμαι,
523 3162 587 3248 al).

453 3287 491 3354 p.
516 3264 553 3350 5,
577 3265 640 3334 20.
685 3269 756 3343 τοὺς
781 3269 835 3353 μέν
859 3266 1115 3351 στρατιώτας-
1137 3266 1304 3352 τραπέζης]
1329 3266 1436 3333 verba
1451 3265 1537 3332 haee
1555 3287 1622 3353 qua

348 3368 483 3435 ratione
513 3366 717 3456 explicanda
749 3369 818 3437 sint
849 3369 967 3438 docuit
998 3369 1160 3437 Wilcken
1192 3368 1333 3453 (Abhdl.
1367 3367 1398 3434 d.
1432 3366 1520 3433 Berl.
1554 3366 1620 3433 Au.

350 3470 433 3536 1886
454 3493 486 3558 p.
509 3474 574 3558 49).
620 3469 766 3539 solvitur
788 3471 892 3561 igitur
914 3461 1080 3561 utrisque,
1115 3484 1149 3539 et
1180 3470 1383 3538 militaribus
1416 3480 1450 3536 et
1478 3468 1622 3557 privatis

348 3572 507 3658 dominis,
532 3574 680 3662 pretium
704 3597 725 3642 a
746 3575 895 3662 βασιλικῇ
928 3576 1068 3660 τραπέζη
1091 3614 1135 3623 -
1156 3597 1202 3643 sc.
1235 3574 1280 3642 ab
1312 3596 1353 3642 ea
1384 3595 1505 3640 mensa
1527 3571 1623 3660 regia

349 3697 439 3766 quae
470 3676 505 3744 in
537 3677 752 3767 singulorum
784 3679 1006 3748 dominorum
1040 3663 1214 3747 domicilio
1247 3676 1433 3746 constituta
1465 3687 1556 3761 erat,
1589 3698 1620 3742 ν.

347 3777 509 3847 Wilcken
532 3780 649 3850 Goett.
683 3781 759 3851 Gel.
782 3782 870 3851 Απῑ.
906 3785 989 3872 1895
1020 3807 1052 3872 p.
1089 3785 1159 3872 156,
1193 3780 1348 3851 Grensell
1379 3779 1509 3846 Reven.
1542 3800 1621 3866 pap.

347 3904 379 3969 p.
407 3904 468 3971 174
488 3923 541 3968 —,
564 3884 612 3952 ita
633 3897 750 3954 tamen
772 3898 810 3953 ut
830 3886 976 3974 privatis
991 3886 1104 3954 solvat
1119 3887 1260 3971 τράπεζα
1276 3885 1359 3974 ipsa,
1384 3906 1461 3950 cum
1477 3880 1623 3970 pecunia

348 3985 512 4054 militibus
535 4010 599 4076 pro
623 3989 734 4057 servis
758 3989 875 4058 debita
897 3991 941 4057 ab
974 3991 1096 4058 eadem
1120 3988 1258 4074 τραπέζη
1291 3985 1434 4076 singulis
1467 3986 1622 4070 τάγμασιν

280 4151 282 4156 ,
346 4088 566 4178 adsignetur,
600 4094 839 4161 distribuenda
871 4117 912 4163 ea
944 4095 988 4162 ab
1012 4093 1180 4180 ὑπηρέταις
1214 4100 1275 4156 τῶν
1307 4091 1476 4177 ταγμάτων
1512 4091 1545 4172 (ᾗ
1566 4091 1622 4170 21)

347 4190 491 4281 singulis
515 4194 673 4265 dominis.

924 4490 950 4599 p
980 4488 1042 4573 rs.

450 4686 488 4753 p.
512 4664 549 4749 5,
573 4662 636 4732 25.
681 4664 775 4749 ἱκανὴ
807 4663 955 4748 ὠφέλεια]
987 4663 1159 4731 sententia
1191 4662 1302 4751 qualis
1333 4662 1529 4750 requiratur
1551 4684 1622 4729 non

347 4776 465 4854 potest
491 4766 633 4835 dubium
657 4786 753 4836 esse:
778 4779 926 4855 ‚praeter
949 4766 1086 4837 Soteris
1107 4766 1323 4835 voluntatem
1346 4787 1386 4833 ae
1408 4776 1547 4855 praeter
1569 4765 1622 4833 ius

347 4890 452 4937 omne
474 4879 509 4937 et
531 4880 623 4937 terra
653 4869 859 4939 ludaeorum
891 4870 953 4939 suit
985 4880 1122 4938 vastata
1152 4892 1173 4936 a
1203 4867 1367 4937 militibus
1399 4880 1433 4937 et
1462 4868 1622 4937 homines
