3775 5659
911 541 1114 645 ..ἕ-,-

378 774 450 821 non
473 752 624 846 otiosum
647 753 760 821 solum
783 752 846 821 sed
869 775 1014 842 prorsus
1037 753 1160 822 falsum
1183 794 1226 802 -
1248 755 1356 823 verba
1380 753 1471 822 enim
1494 758 1549 820 καὶ
1568 754 1652 822 τοῦτ’

379 858 547 923 ἐκέλευσεν
569 860 585 922 δ
607 858 752 945 βασιλεὺς
773 866 872 923 ποιεῖν
902 858 948 925 nil
980 856 1044 925 nisi
1075 881 1118 925 20
1149 857 1198 925 dr.
1234 858 1444 926 mentionem
1477 859 1652 948 patiuntur

377 1000 420 1008 -
442 961 607 1048 infertur).

954 1147 1071 1261 τοι.

481 1349 518 1416 p.
543 1327 581 1412 6,
613 1326 677 1395 26.
725 1330 779 1390 τὸν
802 1327 982 1413 Δημήτριον
1012 1326 1192 1410 ἐκέλευσεν]
1225 1327 1332 1395 miror
1364 1329 1459 1416 quod
1481 1327 1649 1413 Schmidt,

379 1452 498 1497 eorum
526 1429 679 1497 hiatuum
713 1429 771 1517 qui
805 1430 1063 1518 pronuntiando
1086 1429 1185 1497 facile
1217 1429 1381 1498 tolluntur
1413 1430 1570 1500 inimicus
1593 1435 1652 1500 ob-

378 1532 542 1617 stinatuS,
574 1532 817 1621 gravissimam
847 1534 1033 1620 χασμωδίαν
1064 1534 1096 1601 h.
1121 1533 1140 1600 l.
1164 1533 1240 1621 ipse
1262 1533 1374 1601 intulit
1406 1544 1450 1619 τῷ
1482 1536 1650 1623 Δημητρίῳ

378 1636 546 1701 ἐκέλευσεν
568 1635 832 1703 adsciscens-
855 1658 897 1702 ex
918 1635 955 1703 B
977 1636 1111 1725 opinor.

480 1762 517 1829 p.
542 1740 579 1825 6,
603 1738 662 1807 27.
707 1740 852 1805 ἐκδοῦναι
874 1762 939 1828 pro
964 1763 1033 1829 quo
1057 1742 1211 1806 εἰσδοῦναι
1238 1752 1333 1808 recte
1356 1741 1513 1810 ediderat
1534 1741 1649 1827 Niese,

378 1844 470 1931 apud
492 1843 677 1931 losephum
709 1865 780 1911 non
803 1844 922 1911 debuit
953 1844 1161 1912 resuscitare
1191 1843 1317 1912 Naber.
1372 1857 1477 1933 atque
1510 1868 1542 1934 p.
1575 1868 1604 1935 7,
1629 1866 1651 1934 3

376 1959 412 2013 et
441 1948 464 2013 6
494 1946 668 2030 ἐνδόσεως,
703 1948 797 2035 quod
829 1947 910 2015 item
942 1948 1117 2036 reposuit,
1159 1970 1204 2016 ne
1235 1948 1270 2015 in
1302 1948 1478 2017 codicibus
1511 1949 1651 2036 quidem

377 2049 514 2139 losephi
538 2062 640 2135 extat,
664 2052 727 2119 sed
750 2063 844 2119 recte
866 2052 1041 2130 εἰσδόσεως.
1087 2052 1227 2120 Eusebii
1260 2075 1400 2141 quoque
1423 2051 1593 2121 editiones
1615 2053 1650 2120 in

377 2165 556 2242 posterum
579 2154 662 2222 vitio
686 2154 743 2222 illo
765 2154 975 2223 liberandae.
999 2195 1041 2203 —
1064 2156 1098 2223 in
1121 2155 1325 2224 adornanda
1346 2178 1385 2223 re
1400 2156 1477 2245 ipsa
1490 2156 1651 2224 Aristeas

378 2267 512 2324 etcum
535 2257 719 2345 prudentia
740 2270 900 2326 versatus
923 2270 977 2326 est
1000 2271 1034 2326 et
1057 2281 1135 2326 cum
1165 2258 1408 2346 imprudentia.
1454 2270 1550 2325 recte
1571 2257 1651 2325 lecit

378 2361 472 2448 quod
509 2361 714 2450 provocavit
750 2361 795 2428 ad
830 2361 1111 2430 Ptolemaeorum
1155 2361 1190 2429 in
1228 2361 1503 2430 administrando
1539 2383 1650 2449 regno

377 2464 641 2532 sollicitudinem
665 2487 734 2553 qua
755 2487 871 2533 rerum
892 2466 1052 2553 gravium
1074 2465 1202 2533 levium
1225 2488 1307 2533 cura
1328 2465 1374 2532 ad
1395 2465 1509 2553 ipsum
1531 2487 1650 2552 regem

376 2567 591 2636 referebatur
622 2581 656 2637 et
687 2569 857 2637 memoria
884 2570 1014 2659 scripta
1045 2569 1080 2637 in
1112 2569 1237 2637 archiis
1274 2569 1525 2638 adservabatur
1559 2570 1649 2652 (cum

376 2694 504 2760 magno
539 2673 679 2761 quidem
710 2672 745 2740 id
779 2673 966 2742 commodo
997 2677 1132 2757 nostro)
1154 2712 1205 2758 -,
1240 2685 1278 2741 ut
1309 2673 1441 2749 εἶσδοσις
1462 2670 1528 2756 illa,
1561 2691 1650 2759 quae

376 2797 500 2842 revera
520 2774 626 2843 refert
649 2775 814 2845 formulas
836 2776 1017 2864 legitimas,
1046 2789 1167 2866 posset
1190 2799 1267 2845 cum
1299 2776 1415 2864 aliqua
1437 2774 1510 2842 veri
1534 2773 1650 2863 specie

376 2876 442 2945 dici
475 2878 582 2966 petita
614 2901 656 2946 ex
690 2878 774 2967 ipsis
806 2879 993 2948 tabulariis.
1047 2891 1153 2968 atque
1184 2880 1352 2968 epistulae
1383 2900 1526 2967 quoque
1557 2878 1650 2945 haud

376 2980 466 3048 male
487 2993 568 3049 sunt
590 2983 814 3070 compositae.
860 2983 1098 3073 imprudenter
1129 2995 1244 3051 autem
1276 2983 1332 3050 ille
1354 3004 1438 3067 rem,
1472 3004 1577 3070 quam
1600 3002 1651 3047 ce·

376 3084 459 3153 teris
481 3085 566 3153 locis
588 3108 628 3153 se
650 3099 834 3174 praesente
856 3099 969 3155 actam
992 3087 1099 3176 fingit,
1124 3088 1156 3154 h.
1172 3086 1192 3154 l.
1209 3096 1449 3175 repraesentat
1473 3096 1649 3172 tamquam

376 3189 552 3257 veteribus
583 3190 648 3257 sub
679 3191 821 3279 regibus
858 3202 971 3258 actam
1009 3191 1126 3273 (πάντα
1157 3230 1200 3238 -
1231 3201 1296 3266 τοῖς
1332 3190 1494 3277 βασιλεῦσι
1532 3189 1650 3263 τούτοις

376 3292 543 3378 διῳκεῖτο).
587 3293 627 3361 cl.
652 3293 698 3361 ad
720 3317 752 3382 p.
776 3313 827 3384 45,
850 3318 871 3362 2
893 3295 943 3362 ed.
967 3294 1135 3362 Schmidt.

478 3419 515 3486 p.
541 3397 574 3482 7,
597 3396 633 3464 4.
678 3419 764 3465 cave
785 3398 960 3465 adsciscas
992 3420 1034 3465 ex
1064 3397 1213 3486 losepho
1245 3401 1280 3462 τὸ
1313 3406 1374 3461 τῶν
1405 3394 1649 3480 ἀπεσταλμένων

379 3501 675 3585 <ἀναδημάτων>
709 3502 848 3585 πλῆθος
882 3513 976 3569 amat
1007 3501 1098 3569 enim
1131 3500 1291 3571 Aristeas
1328 3498 1578 3568 adiectivorum
1616 3506 1650 3564 et

375 3604 633 3693 participiorum
666 3605 796 3673 formas
833 3617 975 3672 neutras
1012 3603 1309 3673 substantivorum
1346 3602 1424 3670 vice
1454 3601 1648 3690 iungentes.

375 3719 556 3796 praeterea
579 3707 699 3776 confer
722 3730 750 3775 e.
773 3731 825 3795 gr.
849 3707 1110 3796 Dittenbergeri
1133 3707 1208 3795 syll.
1230 3707 1332 3775 inser.
1356 3729 1389 3774 n.
1409 3727 1480 3794 170,
1504 3724 1565 3793 23:
1589 3708 1647 3790 τὴν

375 3811 527 3876 ἀνάδεσιν
548 3813 723 3898 ποιούμενοι
746 3821 808 3877 τῶν
830 3812 1091 3898 ἀπεσταλμένων..

952 4074 1085 4216 sai

477 4301 515 4371 p.
547 4279 582 4366 7,
614 4280 636 4348 7
669 4300 730 4370 sq.
793 4281 924 4356 εἶσδοσις
965 4281 1050 4348 haec
1088 4280 1235 4347 formam
1271 4269 1377 4348 liabet
1413 4280 1647 4366 ὑπομνήματος,

375 4382 472 4451 cuius
494 4383 538 4450 ab
562 4384 713 4468 ἐπιστολῇ
746 4382 780 4450 in
811 4382 1033 4471 adloquendo
1066 4382 1250 4450 discrimen
1284 4383 1473 4472 explicavit
1488 4382 1649 4451 Wilcken

375 4485 495 4554 Herm.
518 4484 618 4553 XXll
649 4507 681 4573 p.
705 4504 726 4574 5
749 4498 783 4553 et
806 4485 924 4555 Goett.
949 4484 1025 4554 Gel.
1049 4486 1137 4553 Anz.
1173 4486 1255 4574 1895
1288 4509 1320 4574 p.
1355 4504 1425 4572 152.
1479 4485 1648 4574 Iosephus

376 4590 508 4655 εἶσδοσιν
539 4589 698 4657 tractavit
720 4612 791 4657 non
814 4588 949 4656 minore
981 4612 1057 4656 cum
1089 4588 1229 4657 levitate
1261 4612 1364 4677 quam
1396 4588 1475 4655 fecit
1497 4588 1532 4655 in
1554 4611 1648 4673 προσ-

375 4693 512 4778 τάγματι
535 4716 639 4782 supra
661 4696 696 4778 (§
721 4716 760 4782 17
782 4696 858 4781 sq.).
1016 4695 1023 4705 ’
1569 4719 1570 4722 ’

476 4818 515 4887 p.
539 4796 573 4883 7,
607 4797 641 4866 7.
686 4797 810 4886 βασιλεῖ
840 4791 968 4883 μεγάλῳ
1000 4818 1064 4885 pro
1096 4796 1219 4883 βασιλεῖ
1249 4795 1449 4881 Πτολεμαίῳ,
1484 4794 1578 4883 quod
1606 4816 1648 4859 ex

375 4920 440 4966 usu
456 4901 717 4989 expectandum,
741 4899 796 4967 hic
812 4898 846 4965 in
862 4899 995 4963 εἰοδδσει
1010 4898 1162 4987 positum
1177 4898 1295 4965 nescio
1312 4920 1394 4965 num
1410 4898 1475 4965 alia
1492 4897 1649 4984 exempla
