3775 5659
644 1534 1091 1647 oollllrlrlmlt

824 1858 914 1969 §L

334 2062 372 2131 p.
395 2039 424 2126 1,
447 2038 475 2108 l.
508 2036 680 2106 sententia
702 2036 789 2103 haec
812 2046 885 2103 est:
908 2057 998 2121 ,cum
1020 2036 1174 2104 narratio
1198 2048 1252 2104 sat
1273 2038 1509 2106 memorabilis

234 2145 278 2212 de
301 2144 395 2212 adito
428 2165 449 2210 a
480 2164 536 2209 me
558 2138 814 2226 Hierosolymis
838 2137 1007 2206 Eleazaro
1040 2139 1098 2222 (de
1129 2141 1259 2227 ἐντυχία
1290 2163 1366 2209 voc.
1400 2141 1440 2209 cs.
1464 2141 1508 2209 Α.

232 2246 371 2335 Peyron
393 2268 471 2334 pap.
496 2243 601 2312 Taur.
623 2242 638 2309 Ι
659 2265 692 2331 p.
719 2264 781 2329 109
803 2245 869 2329 sq.)
892 2252 975 2309 nata
996 2241 1041 2310 sit
1064 2243 1188 2311 merito
1211 2256 1270 2313 tuo
1292 2285 1336 2292 —
1358 2257 1395 2312 tu
1419 2244 1510 2312 enim

231 2350 350 2438 utique
365 2347 505 2416 voluisti
520 2347 685 2435 (ideoque
695 2344 789 2413 omni
805 2356 965 2433 tempore
983 2367 1049 2413 nos
1065 2348 1374 2433 commonefecisti)
1391 2348 1511 2416 audire

233 2464 267 2521 et
289 2474 406 2519 rerum
428 2460 574 2539 propter
597 2470 684 2537 quas
706 2445 834 2537 legatio
857 2447 914 2515 illa
946 2461 1109 2538 suscepta
1143 2450 1206 2518 luit
1236 2463 1395 2520 naturam
1428 2453 1512 2537 (περὶ

233 2559 276 2621 ὑν
312 2553 556 2639 ἀπεστάλημεν,
588 2552 620 2619 h.
654 2574 682 2618 e.
720 2550 808 2639 legis
844 2550 1021 2620 Mosaicae
1058 2552 1230 2641 indolem,
1270 2555 1310 2623 cf.
1349 2558 1370 2641 §
1459 2576 1510 2643 sq.

236 2667 348 2747 <=p.
368 2678 413 2744 37
436 2679 510 2745 sqq.
544 2656 593 2723 ed.
617 2654 809 2740 Schm.?>)
841 2665 876 2723 et
909 2678 1050 2724 causam
1082 2657 1240 2726 mittendi
1272 2658 1399 2743 (διὰτί,
1424 2659 1456 2725 h.
1482 2680 1510 2725 e.

233 2760 402 2830 Demetrii
425 2758 583 2828 Phalerei
614 2759 659 2826 ad
692 2781 812 2849 regem
843 2782 967 2848 preces
998 2770 1036 2827 ut
1058 2760 1146 2849 legis
1167 2762 1256 2829 illius
1278 2762 1313 2829 in
1336 2760 1511 2831 Graecum

234 2863 492 2933 convertendae
508 2862 724 2931 obtineretur
739 2862 905 2947 facultas),
917 2885 993 2930 rem
1005 2862 1136 2951 scripto
1152 2863 1213 2932 tibi
1222 2865 1326 2953 plene
1336 2886 1513 2953 exponere

233 2990 421 3057 aggressus
445 2968 543 3035 sum‘.
590 2989 659 3055 qua
690 2966 724 3033 in
756 2965 928 3034 sententia
952 2988 1030 3034 cum
1054 2978 1170 3034 cetera
1192 2966 1277 3035 satis
1299 2967 1403 3056 plana
1433 2968 1511 3054 sint,

232 3082 378 3161 apparet
400 3094 472 3138 non
486 3091 595 3158 posse
609 3069 691 3137 ferri
713 3069 966 3137 nominativum
998 3071 1255 3156 ὑπομιμνήσκων.
1290 3093 1332 3139 ac
1353 3070 1514 3140 Schmidt

234 3176 375 3265 quidem
407 3176 452 3262 (p.
474 3178 530 3261 71)
553 3173 626 3256 παρ’
648 3174 783 3237 ἕκαστον
806 3173 886 3255 (hoc
908 3183 1053 3261 propter
1075 3171 1207 3240 hiatum
1232 3195 1336 3261 quem
1358 3174 1512 3263 putabat,

234 3292 269 3347 at
300 3278 340 3347 cf.
372 3276 479 3367 prael.
513 3279 534 3361 §
611 3280 623 3360 )
655 3276 947 3362 ὑπομιμνήσκοντος
984 3275 1053 3359 (vel
1089 3275 1211 3360 -ὑντων)
1244 3277 1512 3365 commendavit,

233 3382 300 3451 nisi
323 3384 401 3471 quis
424 3381 732 3470 transpositionem
754 3381 947 3469 praeferret
968 3380 1077 3448 hanc:
1101 3385 1298 3467 πεποιήσὺαι
1322 3394 1514 3449 συνακοῦσαι

234 3490 304 3571 περὶ
335 3488 378 3552 ὢν
408 3484 634 3570 ἀπεστάλημεν
667 3487 721 3549 καὶ
752 3484 803 3548 διὰ
834 3485 875 3567 τί,
908 3485 1099 3570 πεπείραμαι
1133 3494 1240 3569 σαφῶς
1272 3486 1434 3551 ἐκθέσθαι
1467 3510 1515 3552 σοι

233 3590 307 3674 παρ’
323 3592 459 3655 ἕκαστον
475 3588 732 3673 ὑπομιμνήσκων,
758 3587 960 3674 κατειληφὼς
975 3588 1060 3670 κτὲ.;
1087 3610 1191 3677 quam
1207 3589 1514 3677 transpositionem

235 3692 493 3761 commendavit
524 3714 636 3780 nuper
667 3690 770 3758 etiam
793 3690 925 3779 Kuiper
948 3690 1132 3774 (Mnemos.
1156 3690 1237 3758 XX.
1265 3693 1348 3779 1892
1369 3715 1403 3780 p.
1426 3695 1513 3781 263),

235 3795 301 3863 nisi
333 3796 428 3884 quod
460 3795 570 3863 verba
601 3793 658 3861 illa
688 3793 772 3882 poni
804 3793 934 3861 mavult
972 3806 1053 3861 ante
1092 3795 1292 3880 πεπείραμαι.
1348 3818 1419 3863 non
1457 3796 1516 3863 im·

235 3898 422 3986 probarem
445 3897 693 3983 traiectionem,
725 3896 755 3965 si
786 3894 1114 3985 ὑπομνηματιζὺμενος
1137 3909 1279 3983 extaret,
1312 3921 1384 3966 non
1407 3900 1515 3985 ὑπομι-

237 4001 396 4087 μνήσκωντ
430 4000 513 4068 illud
545 4002 636 4069 enim
658 3999 867 4068 vocabulum
890 3999 1068 4089 proprium
1095 4011 1148 4068 est
1180 4000 1224 4067 de
1254 4001 1360 4069 rebus
1382 4001 1417 4068 in
1440 4013 1517 4070 acta

235 4102 390 4171 librosve
423 4102 540 4170 relatis
577 4107 622 4188 (v.
655 4102 818 4171 Wilcken
849 4103 970 4171 Philol.
1003 4102 1084 4171 Llll.
1125 4104 1217 4192 1894.
1253 4127 1286 4192 p.
1322 4108 1406 4192 103),
1445 4127 1516 4172 non

236 4207 312 4274 hoc.
345 4228 491 4274 necesse
517 4206 621 4295 igitur
644 4218 757 4276 estut
780 4220 814 4275 et
836 4207 983 4275 traditus
1005 4207 1194 4275 verborum
1217 4207 1305 4276 ordo
1328 4208 1518 4277 retineatur

238 4321 272 4377 et
308 4309 554 4397 ὑπομιμνήσκειν
585 4311 773 4401 accipiatur
810 4335 881 4379 non
914 4311 958 4379 de
988 4311 1130 4379 Aristea
1168 4312 1339 4400 scriptore
1373 4312 1436 4379 sed
1474 4312 1518 4380 de

237 4410 432 4481 Philocrate
455 4413 596 4481 fratrem
619 4414 765 4482 adsidue
788 4413 1139 4496 commonefaciente;
1173 4437 1242 4503 qua
1273 4414 1408 4483 ratione
1429 4414 1518 4483 infra

240 4526 276 4590 <
282 4523 318 4603 p.
342 4515 397 4595 60,
415 4541 438 4604 3
461 4516 512 4584 ed.
536 4514 695 4593 Selom>
721 4516 847 4606 legitur
878 4517 951 4603 παρ’
973 4520 1108 4583 ἕκαστον
1134 4519 1247 4583 ἑαυτὸν
1270 4519 1518 4604 ὑπομιμνήσκειν

238 4628 273 4685 et
295 4640 373 4707 pap.
397 4618 504 4688 Paris.
528 4642 561 4707 p.
585 4621 658 4708 368,
693 4621 772 4708 185:
807 4622 989 4705 προνοήσὺε
1013 4623 1056 4706 μή
1088 4620 1262 4707 παρέργως,
1288 4621 1416 4706 ἐπείπερ
1438 4623 1517 4707 ὑμᾶς

238 4721 286 4786 δεῖ
310 4720 535 4808 συνεχέστερον
566 4724 643 4808 ὑπὲρ
675 4731 737 4787 τῶν
768 4724 873 4788 αὐτῶν
906 4721 1166 4809 ὑπομιμνήσκειν.
1214 4722 1308 4811 quod
1331 4722 1359 4791 si
1383 4724 1431 4792 ita
1454 4735 1515 4811 est,

238 4822 438 4891 necessario·
469 4847 511 4892 ex
542 4825 788 4913 ὑπομιμνήσκων
820 4825 1040 4893 efficiendum
1073 4838 1127 4894 est
1157 4826 1436 4913 ὑπομιμνήσκοντα
1468 4826 1516 4908 (in

169 4919 172 4924 ’
238 4925 422 4995 Schmidtii
458 4924 751 5016 ὑπομιμνήσκοντος
783 4929 883 4998 vides
920 4928 1014 4998 idem
1046 4929 1173 4997 cadere
1205 4940 1310 5018 atque
1344 4929 1379 4996 in
1411 4941 1519 4996 trans·
