3775 5659
863 489 903 556 41

780 579 986 593 m

347 722 386 790 p.
423 700 460 787 8,
495 701 558 770 23.
604 704 659 765 καὶ
690 702 783 787 ἡμεῖς
804 739 848 748 -
869 711 934 778 τοῖς
956 702 1044 784 πᾶσι]
1079 700 1165 767 haec
1198 698 1307 766 verba
1330 719 1400 785 quo
1423 718 1528 764 sensu

245 803 446 893 accipienda
478 805 549 873 sint
579 804 659 872 licet
692 804 891 894 ambigere:
938 826 981 871 ex
1011 801 1239 892 grammatica
1270 802 1361 869 enim
1393 800 1527 870 ratione

244 908 397 998 intellegi
420 921 538 998 potest
561 920 632 977 tam
655 919 730 976 tum
763 909 877 997 ipsum
899 908 989 976 lacta
1020 906 1119 996 regni
1143 907 1324 998 παράληψις
1346 929 1387 975 ac
1407 905 1528 989 φιλάν·

245 1012 370 1098 θρωπα’
401 1016 445 1094 (ν.
476 1012 519 1081 A.
553 1012 694 1101 Peyron
727 1034 805 1101 pap.
838 1012 942 1080 Taur.
977 1012 990 1079 l
1022 1034 1054 1100 p.
1081 1030 1141 1098 175
1173 1015 1239 1098 sq.)
1271 1033 1312 1078 ea
1343 1009 1528 1078 occasione

245 1116 348 1184 tribui
371 1115 480 1183 solita·
498 1138 603 1204 quam
629 1127 769 1204 tempus
794 1138 814 1185 a
836 1116 1019 1203 παραλήψει
1041 1115 1146 1203 longe
1168 1125 1340 1182 remotum
1364 1136 1404 1182 ac
1419 1114 1527 1197 φιλαν-

244 1219 371 1304 θρωπία
394 1219 494 1308 quasi
517 1219 707 1308 generalis.
754 1218 837 1287 illud
860 1220 889 1288 si
912 1219 1076 1308 praefers,
1102 1217 1217 1285 existit
1238 1217 1389 1284 maxima
1403 1216 1528 1284 disere·

245 1322 363 1411 pantia
385 1323 429 1390 ab
453 1322 528 1391 aliis
545 1323 654 1390 locis:
679 1323 776 1390 velut
789 1325 810 1407 β
823 1344 867 1411 34
881 1322 1051 1391 habemus
1067 1320 1245 1390 Arsinoen
1259 1320 1353 1408 regis
1368 1341 1527 1388 sororem

245 1425 463 1514 eandemque
485 1448 632 1494 uxorem
657 1437 693 1493 et
715 1449 747 1515 p.
772 1449 822 1515 44,
846 1449 889 1514 24
911 1427 961 1493 ed.
978 1425 1095 1494 Solam.
1120 1424 1212 1492 diem
1235 1424 1361 1491 festum
1383 1432 1528 1524 propter

245 1529 428 1598 victoriam
443 1530 604 1598 navalem
628 1530 673 1597 de
688 1529 879 1619 Antigono
903 1530 1056 1597 heres
1078 1528 1186 1597 multo
1209 1539 1291 1617 post
1311 1525 1527 1614 Philadelph¹

244 1634 480 1702 accessionem
493 1632 610 1701 factas.
628 1643 777 1722 possunt
787 1633 927 1721 quidem
937 1632 993 1700 vel
1004 1633 1089 1700 haec
1101 1631 1361 1721 quodammodo
1372 1628 1528 1697 excusari

243 1736 290 1804 ita
326 1748 364 1804 ut
394 1736 546 1804 noluerit
567 1735 728 1804 Aristeas
760 1758 838 1804 cum
861 1735 1126 1826 Philadelphum
1157 1736 1286 1803 faceret
1318 1734 1528 1803 scribentem

250 1841 295 1908 ad
318 1839 531 1926 Eleazarum,
556 1840 609 1908 sui
632 1839 749 1907 inferri
772 1840 985 1907 mentionem
1008 1852 1184 1927 tamquam
1215 1837 1429 1906 liberationis
1452 1859 1528 1904 auc·

254 1944 339 2012 toris
362 1965 403 2011 ac
426 1954 615 2032 propterea
635 1984 679 1992 —
700 1954 739 2010 ut
752 1955 870 2014 tamen
885 1966 926 2011 ea
941 1944 1087 2012 haberet
1101 1943 1251 2031 aliquam
1269 1940 1527 2010 excusationem

248 2069 388 2114 -rem
412 2047 459 2115 ita
482 2047 753 2116 conformaverit
783 2059 821 2114 ut
853 2047 1088 2116 munificentia
1120 2047 1213 2135 regis
1245 2058 1328 2114 nata
1359 2057 1453 2113 esset
1470 2068 1525 2141 ex

245 2151 431 2219 occasione
453 2151 623 2219 sollemni.
669 2152 732 2220 sed
755 2162 873 2219 tamen
896 2172 973 2218 cum
1007 2161 1146 2219 maneat
1176 2149 1226 2217 sic
1257 2171 1397 2237 semper
1430 2170 1528 2215 error

243 2253 420 2339 immanis,
466 2254 765 2343 interpretandum
797 2265 882 2342 puto
914 2254 1149 2340 παραλαβόντες
1181 2252 1263 2320 illud
1294 2252 1338 2319 de
1369 2262 1527 2340 tempore

244 2358 375 2425 dudum
407 2357 598 2446 praeterito
640 2379 681 2425 ae
720 2356 950 2441 φιλανθρώπως
990 2358 1132 2421 ἀπαντᾶν
1172 2355 1380 2423 sumendum
1421 2376 1527 2422 sensu

243 2459 420 2548 generali:
454 2482 505 2545 ‚ac
537 2482 603 2527 nos
628 2482 768 2548 quoque
792 2483 835 2528 ex
867 2483 946 2549 qu0,
979 2471 1079 2549 patre
1111 2469 1259 2543 mortu0,
1293 2457 1357 2525 soli
1380 2479 1528 2545 regnare

246 2562 445 2651 coepimus,
489 2585 567 2630 cum
601 2562 755 2651 reliquos
799 2564 944 2631 comiter
978 2574 1166 2632 tractamus
1198 2573 1270 2629 tum
1302 2560 1397 2628 cives
1427 2561 1525 2646 tuos‘,

244 2665 320 2755 ipsa
342 2667 452 2735 verba
474 2665 629 2755 legitima
651 2679 749 2735 sunt:
773 2667 969 2754 παραλαβεῖν
991 2669 1050 2752 τὴν
1073 2666 1233 2754 βασιλείαν
1256 2686 1335 2732 cum
1358 2686 1400 2731 ex
1423 2663 1525 2736 inser.

246 2768 443 2838 Rosettana
486 2782 608 2839 notum
649 2781 702 2838 est
734 2773 778 2854 (V.
811 2771 989 2838 Letronne
1022 2770 1067 2837 ad
1096 2792 1147 2837 vs.
1183 2774 1213 2854 1)
1246 2780 1318 2836 tum
1350 2790 1392 2835 ex
1424 2767 1525 2837 inser.

246 2873 430 2942 Taniticae
465 2897 516 2943 vs.
547 2877 570 2944 6
600 2875 768 2963 (Mahaffy
799 2897 898 2964 ,emp
932 2875 972 2942 os
999 2875 1058 2942 the
1080 2874 1179 2942 Ptol‘
1210 2896 1243 2961 p.
1267 2876 1361 2961 230):
1394 2873 1437 2948 εἰς
1467 2875 1525 2957 τὴν

248 2975 396 3063 πέμπτην
419 2980 474 3041 καὶ
498 2979 611 3044 εἰκάδα
634 2989 688 3042 τοῦ
711 2980 807 3043 αὐτοῦ
831 2979 938 3065 μηνός,
963 2979 996 3043 ἐν
1023 2982 1044 3063 ᾗ
1068 2976 1245 3063 παρέλαβεν
1275 2978 1335 3061 τὴν
1365 2975 1526 3062 βασιλείαν

244 3082 330 3164 παρὰ
353 3090 407 3144 τοῦ
430 3082 561 3165 πατρὸς,
588 3103 677 3169 quae
699 3082 809 3150 verba
840 3105 869 3150 a.
902 3084 968 3170 238
998 3081 1128 3170 scripta
1158 3091 1248 3166 sunt,
1281 3080 1301 3147 i.
1335 3102 1363 3147 e.
1396 3102 1525 3147 novem

247 3181 347 3252 annis
370 3193 453 3270 post
476 3182 668 3251 Ptolemaei
691 3184 734 3252 Ill
757 3195 814 3270 τῆς
845 3185 1005 3272 βασιλείας
1037 3185 1219 3270 παράληψιν
1250 3194 1355 3272 atque
1386 3207 1428 3251 ex
1460 3207 1525 3251 usu

243 3286 310 3355 hoc
334 3286 509 3354 communi
532 3327 576 3336 -
598 3298 737 3377 praeter
759 3287 980 3377 Aegyptiaca
1002 3288 1160 3377 exempla
1191 3288 1298 3354 modo
1333 3297 1525 3355 memorata

244 3389 284 3458 cf.
309 3412 338 3462 e.
363 3412 389 3457 c.
415 3389 539 3457 Iliense
562 3412 615 3478 ap.
639 3390 897 3480 Dittenberger.
922 3392 997 3480 syll.
1022 3391 1123 3459 inser.
1150 3393 1220 3480 156,
1244 3412 1274 3478 3.
1301 3393 1341 3458 18
1364 3430 1407 3438 -
1432 3400 1526 3457 extat

243 3492 372 3561 locutio
396 3492 500 3560 etiam
524 3492 558 3561 in
582 3494 737 3581 epistulis
767 3495 811 3562 ab
834 3495 1028 3584 Eupolemo
1062 3493 1244 3563 Salomoni
1274 3493 1420 3561 tributis.
1466 3495 1524 3561 de·

246 3596 327 3665 inde
350 3594 582 3681 φιλανθρώπως
614 3598 757 3663 ἀπαντᾶν
787 3597 999 3686 generaliter
1025 3598 1155 3666 dictum
1187 3597 1312 3685 legitur
1345 3596 1387 3664 Ill
1418 3596 1524 3664 Mace.

244 3722 277 3789 3,
301 3719 361 3769 ao:
388 3703 430 3778 εἰς
452 3704 511 3786 τήν
533 3700 696 3787 Αἴγυπτον
711 3713 777 3780 τοῖς
791 3713 886 3768 πᾶσιν
902 3704 1026 3767 ἔθνεσιν
1041 3701 1271 3786 φιλανθρώπως
1287 3700 1526 3785 ἀπαντήσαντες

242 3804 490 3893 (Philopatoris
512 3816 593 3873 sunt
615 3806 746 3891 verba),
772 3806 813 3873 cf.
831 3806 874 3874 ib.
891 3828 941 3873 vs.
969 3807 1027 3874 18:
1051 3805 1089 3870 δι’
1104 3806 1144 3889 ἣν
1160 3807 1274 3891 ἔχομεν
1290 3806 1364 3888 πρὸς
1379 3806 1526 3879 ἅπαντας

243 3906 427 3991 ἀνθρώπους
458 3907 696 3993 φιλανθρωπίαν
730 3920 764 3977 et
794 3909 823 3977 ll
854 3909 962 3977 Mace.
997 3931 1045 3996 14,
1076 3927 1117 3996 9:
1150 3907 1229 3972 καθ’
1261 3908 1301 3992 ἣν
1332 3909 1416 3992 ἔχεις
1449 3910 1524 3990 πρὸς

243 4012 385 4085 ἅπαντας
417 4011 634 4097 εὐαπάντητον
665 4013 904 4098 φιλανθρωπίαν
935 4012 1075 4097 (Alcimi
1108 4022 1189 4080 sunt
1220 4011 1265 4079 ad
1296 4010 1524 4082 Demetrium,

242 4111 369 4200 Syriae
391 4134 521 4201 regem,
545 4116 675 4198 verba).

825 4367 851 4477 ς
880 4369 944 4454 so.

347 4561 385 4630 p.
419 4539 456 4627 8,
489 4540 551 4609 25.
598 4541 693 4628 quod
720 4544 840 4618 <ών>
866 4544 943 4626 ὑπὲρ
966 4543 1091 4631 legitur
1114 4543 1149 4611 in
1171 4568 1197 4629 S,
1222 4544 1444 4633 interpolatio
1468 4559 1522 4614 est

246 4663 357 4730 eaque
388 4643 481 4711 haud
513 4644 615 4712 bona.
672 4645 768 4713 cuius
809 4657 930 4713 auctor
962 4669 1040 4714 cum
1070 4647 1174 4714 vellet
1208 4648 1276 4715 hoc
1307 4649 1523 4717 enuntiatum
1622 4722 1625 4732 ¹

246 4745 380 4814 conecti
413 4768 490 4815 cum
523 4749 773 4837 praecedente,
806 4771 879 4816 non
910 4749 1076 4817 intellexit
1107 4749 1292 4818 universae
1322 4751 1457 4839 periodi
1479 4792 1522 4800 —

244 4871 335 4938 quae
359 4849 500 4938 quidem
522 4852 638 4940 paullo
661 4852 853 4922 intricatius
877 4854 1093 4922 conformata
1116 4864 1170 4921 est
1192 4853 1298 4942 idque
1321 4854 1355 4921 in
1379 4855 1522 4923 modum
