3775 5659
865 489 905 554 15

782 581 988 589 --——-—

247 699 343 789 quod
367 678 500 788 posuit,
534 694 690 763 similiter
721 693 807 761 dixit
829 696 850 778 §
872 694 895 760 8
917 716 949 781 p.
973 714 1003 781 3,
1030 694 1071 761 18
1100 693 1214 777 ἑτέρων
1236 691 1423 780 (Ἰουδαίων)
1447 715 1523 778 συμ-

247 813 370 890 μαχιῶν
394 798 676 884 ἐξαπεσταλμὲνυιν
699 809 733 865 et
749 800 770 882 §
796 798 836 864 16
857 819 890 884 p.
907 814 937 883 5,
964 818 1004 863 10
1020 806 1074 860 τοῦ
1089 796 1168 860 θεοῦ
1183 796 1412 881 κατισχύοντος
1429 798 1543 879 αὐτὸνμ

163 944 166 955 =
244 904 480 993 (τὸνβασιλέα)
503 904 545 979 εἰς
568 905 603 966 τὸ
627 901 783 987 σωτηρίαν
804 900 957 986 γενέσθαι
979 900 1140 985 πλήθεσιν
1163 901 1292 977 ἱκανοῖς.
1339 920 1524 987 perperam

159 1067 162 1072 .
245 1022 361 1080 autem
384 1006 545 1077 Schmidt
575 1007 620 1093 (p.
644 1008 700 1093 71)
730 1005 840 1072 verba
871 1009 946 1089 πρὸς
969 1006 1026 1089 τὴν
1049 1004 1215 1090 ἑρμηνείαν
1238 1014 1293 1069 τοῦ
1316 1004 1407 1068 θείου
1431 1003 1525 1089 νόμου

247 1118 312 1198 (vs,
337 1117 389 1202 17)
413 1110 656 1198 coniungenda
680 1119 799 1177 censet
822 1130 900 1175 curn
924 1107 1105 1194 πρεσβείαν,
1129 1130 1161 1174 ν.
1186 1107 1283 1176 infra.

308 1279 312 1290 „
346 1237 383 1306 p.
407 1215 436 1301 l,
459 1214 514 1282 15.
561 1211 714 1299 μεγίστην
736 1208 889 1295 ὠφέλειαν
924 1212 1008 1295 κτὲ.)
1040 1211 1108 1278 hoc
1148 1211 1247 1279 dicit:
1283 1223 1402 1279 extare
1432 1211 1526 1299 apud

244 1319 443 1410 pontificem
488 1316 695 1385 Iudaeorum
740 1315 855 1403 legem
900 1314 1091 1383 Mosaicam
1140 1338 1303 1384 sermone
1349 1316 1524 1384 Hebraico

244 1423 417 1512 scriptam.
462 1419 636 1509 possideri
658 1431 775 1487 autem
798 1418 846 1486 ita
868 1418 935 1486 illic
965 1441 1040 1486 rem
1064 1440 1154 1507 quae
1185 1441 1357 1488 summam
1380 1420 1526 1487 haberet

244 1527 427 1595 utilitatem
451 1546 529 1591 cum
551 1522 687 1591 ludaeis
710 1522 745 1590 in
768 1522 845 1610 ipsa
868 1532 961 1589 terra
983 1544 1083 1590 sacra
1105 1523 1301 1591 constitutis
1324 1535 1398 1592 tum
1420 1522 1449 1590 si
1466 1522 1524 1611 qui

241 1629 359 1699 Iudaei
384 1639 482 1695 extra
504 1626 735 1695 Palaestinam
759 1626 928 1713 degentes
950 1625 1123 1713 patriique
1154 1626 1326 1695 sermonis
1360 1626 1457 1693 obliti
1481 1625 1526 1693 de

242 1732 471 1801 translatione
493 1729 580 1818 legis
604 1730 817 1819 cogitarent:
841 1751 949 1816 posse
965 1728 1056 1796 enim
1073 1751 1115 1796 ex
1131 1728 1295 1797 Hebraici
1310 1729 1416 1797 fontis
1432 1728 1525 1817 apud

241 1834 586 1923 Hierosolymitanos
609 1835 694 1918 (παρ’
719 1836 838 1917 αὐτοῖς)
862 1832 991 1902 servati
1013 1832 1160 1901 veritate
1192 1833 1342 1901 derivari
1366 1833 1525 1921 exempla

244 1940 381 2010 Graeca
403 1939 473 2006 fide
495 1938 609 2026 digna.
634 1937 832 2026 interpunxi
854 1931 960 2026 igitur
981 1947 1063 2025 post
1085 1936 1188 2021 ἑαυτῷ
1205 1948 1240 2004 et
1255 1948 1429 2005 commata
1443 1947 1525 2024 post

247 2043 389 2120 πολίταις
412 2052 446 2110 et
468 2042 562 2127 νῦμυυ
585 2041 669 2130 poni
692 2041 793 2109 solita
816 2041 948 2109 sustuli.

346 2167 385 2235 p.
408 2145 436 2231 l,
459 2145 501 2214 18
526 2165 587 2234 sq.
632 2157 728 2212 recte
750 2146 893 2213 omnino
915 2144 1048 2233 Kuiper
1071 2149 1116 2233 (p.
1132 2148 1209 2233 265)
1225 2145 1293 2213 hoc
1309 2145 1523 2213 enuntiatum

244 2249 426 2336 ordinavit,
459 2250 493 2313 δὲ
525 2261 560 2316 et
593 2249 733 2334 σπουδὴν
764 2248 921 2317 scribens
954 2272 1019 2337 pro
1052 2249 1092 2334 δὴ
1125 2259 1159 2316 et
1190 2250 1311 2334 σπουδη
1344 2249 1523 2337 verbaque

246 2353 395 2432 ἀξιον-
417 2353 559 2439 δηλῶσαι
592 2351 718 2439 quibus
751 2351 965 2421 enuntiatum
997 2352 1173 2440 singulare
1206 2350 1293 2419 ellici
1324 2352 1521 2440 putabatur,

243 2457 458 2543 coniungens
482 2475 560 2521 cum
582 2453 766 2542 prioribus
812 2455 847 2521 ni
870 2455 996 2523 mirum
1018 2455 1178 2524 Aristeas
1201 2455 1305 2525 etiam
1328 2478 1403 2523 rem
1419 2478 1524 2543 quan·

244 2560 324 2626 dam
348 2581 369 2625 a
391 2580 430 2625 se
452 2556 529 2645 ipso
551 2568 688 2644 gestam
711 2570 930 2626 narraturum
961 2582 1001 2627 se
1023 2581 1102 2627 esse
1125 2558 1221 2626 fratri
1254 2558 1401 2626 indicat:
1435 2559 1467 2626 h.
1492 2581 1523 2625 e·

241 2660 527 2729 intercessionem
550 2684 654 2750 quam
677 2674 814 2751 tempus
835 2662 986 2731 adeundi
1009 2675 1243 2752 opportunum
1275 2674 1397 2731 nactus
1420 2663 1521 2751 apud⁸

243 2762 506 2853 Philadelphum
538 2765 657 2833 lecerit
686 2790 751 2855 pro
782 2766 918 2836 Iudaeis
951 2766 1000 2835 eis
1033 2766 1091 2855 qui
1123 2789 1144 2834 a
1174 2766 1376 2834 Ptolemaeo
1407 2765 1522 2854 primo

242 2865 323 2933 olim
356 2890 399 2935 ex
420 2867 548 2935 Iudaea
569 2868 604 2936 in
626 2868 830 2958 Aegyptum
853 2869 999 2938 fuissent
1029 2869 1064 2937 vi
1096 2867 1261 2938 translati.
1293 2910 1337 2918 —
1369 2881 1522 2937 ceterum

241 2970 331 3034 πόλιν
354 2971 398 3039 ab
421 2970 608 3061 Aegyptiis
632 2973 698 3040 dici
720 2972 971 3041 Alexandriam
1003 2974 1247 3062 pervulgatum
1281 2985 1343 3060 est,
1376 2996 1408 3041 ν.
1440 2984 1522 3061 post

240 3071 327 3141 alios
350 3073 479 3142 Mitteis
502 3074 622 3143 Herm.
646 3076 752 3144 XXX
774 3101 807 3166 p.
830 3079 892 3166 587
918 3100 970 3165 sq.

835 3331 926 3442 §a

342 3505 380 3574 p.
404 3485 433 3571 1,
455 3486 518 3555 23.
564 3488 733 3575 πέπεισμαι
755 3489 839 3574 κτὲ.)
864 3489 1097 3579 corruptelam
1130 3492 1270 3581 quidem
1294 3490 1407 3582 ipsam
1431 3515 1521 3584 quae

241 3587 333 3655 inest
366 3587 402 3655 in
432 3588 550 3657 verbis
582 3591 751 3677 δηλοῦντες
782 3595 837 3678 μὲν
869 3593 910 3670 ὡς
941 3596 977 3657 σὲ
1015 3596 1214 3660 ἀκούσεσθαι
1252 3608 1346 3664 recte
1383 3598 1521 3667 sustulit

240 3689 402 3759 Schmidt
440 3694 579 3781 δηλοῦν,
619 3695 760 3779 ἀσμένως
797 3697 997 3762 ἀκούσεσθαι
1035 3698 1213 3787 corrigens
1250 3701 1520 3783 (συνακούσεσδαι

242 3793 355 3860 minus
378 3795 480 3863 fuerit
501 3795 692 3885 probabile,
716 3797 833 3867 statim
857 3801 950 3869 enim
976 3802 1199 3890 subsequitur
1222 3806 1430 3891 συνακούειν),
1455 3806 1517 3873 sed

239 3916 305 3961 nec
335 3895 447 3983 ipsam
484 3900 650 3968 enuntiati
688 3902 897 3972 sententiam
935 3905 1094 3993 percepit
1130 3928 1194 3973 nec
1231 3906 1519 3996 interpunctionis

239 3997 427 4066 tralaticiae
443 4003 579 4070 sustulit
596 4027 733 4073 errores
748 4006 985 4095 gravissimos
1024 4007 1154 4076 scilicet
1176 4021 1336 4097 spectant
1351 4012 1460 4079 verba
1475 4012 1519 4079 ad

239 4103 480 4173 liberationem
504 4107 595 4175 illam
617 4110 824 4181 Iudaeorum
849 4112 955 4180 modo
980 4124 1218 4199 memoratam,
1242 4137 1519 4203 persuasumque

239 4206 304 4274 sibi
328 4208 410 4276 dicit
431 4209 591 4279 Aristeas
614 4212 756 4283 fratrem
778 4226 901 4304 utpote
923 4216 1145 4285 inclinantem
1176 4229 1299 4286 natura
1330 4218 1375 4285 ad
1407 4219 1519 4307 gravi·

238 4320 344 4379 tatem
368 4324 473 4402 atque
496 4313 541 4381 ad
564 4313 716 4385 indolem
748 4319 927 4388 hominum
959 4319 1150 4388 secundum
1183 4320 1372 4390 Mosaicam
1404 4323 1517 4411 legem

239 4413 440 4503 degentium
472 4439 513 4485 ea
545 4440 635 4506 quae
667 4421 711 4487 de
742 4420 897 4492 liberatis
930 4447 951 4492 a
982 4447 1020 4492 se
1051 4424 1186 4492 ludaeis
1219 4425 1368 4514 scriptor
1389 4426 1517 4515 gestiat

238 4518 379 4587 uberius
402 4520 533 4589 referre
554 4523 638 4606 (περί
659 4524 701 4587 ὢν
723 4528 958 4613 προαιρούμεθα
981 4528 1110 4614 δηλοῦν)
1140 4527 1289 4597 libenter
1320 4551 1399 4597 esse
1425 4529 1518 4597 audi·

238 4632 362 4708 turum,
388 4622 494 4713 idque
517 4647 559 4693 eo
582 4626 693 4716 magis
725 4630 821 4716 quod
852 4653 963 4718 nuper
995 4631 1135 4698 demum
1168 4654 1211 4699 ex
1234 4631 1351 4721 Cypri,
1384 4632 1517 4700 insulae

238 4747 354 4793 mores
388 4729 659 4818 corrumpentiS,
695 4730 825 4800 deliciis
857 4733 999 4801 redierit
1032 4735 1066 4802 in
1097 4733 1300 4825 Aegyptum
1333 4736 1518 4825 cupiatque

236 4828 503 4922 ingeniumillic
535 4834 725 4903 emollitum
757 4835 902 4904 reficere
931 4861 1048 4907 rerum
1079 4839 1240 4929 gravium
1273 4841 1451 4908 memoria.
1474 4878 1517 4888 -
