3775 5659
893 443 935 505 51

814 534 1018 541 -—-.-—

856 650 882 748 ξ
907 647 973 729 41.

381 848 420 915 p.
443 824 489 910 ll,
512 822 576 892 20.
621 822 759 897 {brothor
782 820 940 888 codicum
956 820 1120 887 Aristeae
1145 819 1300 887 omniurn
1316 819 1556 888 Schmidtiano

280 929 435 994 ’Iovdbav
457 926 613 1016 praetuli,
637 935 759 1013 utpote
782 923 898 1012 specie
921 922 1032 1010 magis
1056 922 1230 992 Graecum
1253 927 1345 1003 (pru
1360 923 1484 1012 Epiph.
1501 925 1557 991 hic

280 1044 315 1100 et
336 1055 387 1099 vs.
410 1051 462 1119 25,
485 1029 546 1097 ubi
569 1028 708 1113 ίωνάθης
731 1026 888 1116 plerique
911 1025 1072 1109 codices).

380 1154 420 1222 p.
448 1132 494 1217 ll,
530 1131 582 1199 21.
627 1129 781 1213 Θεόφιλος
812 1151 941 1196 nomen
973 1140 1027 1195 ter
1057 1128 1183 1215 legitur
1213 1127 1248 1195 in
1279 1150 1358 1215 pap.
1390 1127 1556 1215 Mahaffyi

279 1238 361 1305 IIn.
385 1235 532 1303 XXVIII
554 1256 644 1302 saec.
668 1233 718 1318 III,
750 1232 810 1300 ubi
846 1254 925 1299 cum
956 1231 1001 1299 sit
1033 1232 1253 1299 coniunctum
1286 1254 1363 1299 curn
1395 1231 1557 1317 Σαμάρεια

279 1341 367 1426 vico,
390 1339 572 1428 probabile
594 1338 714 1425 utique
737 1349 791 1404 est
813 1335 921 1403 fuisse
942 1335 1117 1403 Iudaeum.
1163 1335 1275 1423 ipsam
1308 1334 1400 1401 illam
1425 1346 1556 1402 cartam

279 1465 512 1530 papyraceam
535 1442 559 1527 ,I
581 1442 689 1509 found
711 1452 748 1507 to
771 1440 816 1507 be
838 1463 860 1507 a
881 1439 938 1507 list
962 1438 1001 1506 of
1018 1438 1176 1506 retailers
1199 1439 1239 1506 of
1257 1438 1312 1522 ott,
1337 1438 1405 1504 and
1439 1436 1479 1504 os
1497 1437 1557 1503 the

279 1558 442 1614 amounts
464 1545 578 1613 which
602 1544 686 1632 they
708 1543 901 1611 undertake
932 1553 969 1610 to
992 1541 1064 1609 sell‘
1090 1541 1245 1629 Mahaffy
1276 1540 1444 1608 Revenue
1475 1562 1554 1628 pap.

380 1775 419 1843 p.
443 1753 489 1839 ll,
513 1753 566 1821 21.
610 1750 774 1837 ’Δρσαμος
791 1754 889 1834 (nour
911 1750 1037 1839 Epiph.
1063 1755 1217 1839 quoque)
1244 1760 1443 1837 corruptum
1461 1759 1557 1815 ratus

279 1855 428 1926 Frankel
460 1856 619 1941 Ἀσραμός
649 1854 705 1921 vel
737 1854 892 1940 Ἀδραμίς
922 1853 999 1937 (sic)
1031 1852 1179 1920 coniecit
1208 1893 1252 1900 —
1282 1850 1557 1941 improbabiliter

278 1959 334 2027 vel
367 1972 512 2048 propter
543 1959 802 2047 repetitionem,
826 1981 859 2046 p.
885 1981 934 2044 12,
961 1981 987 2025 1.
1042 1980 1252 2046 quamquam
1294 1954 1472 2024 fatendum
1504 1966 1557 2021 est

279 2062 411 2130 Iraniea
433 2061 549 2150 potius
573 2084 652 2129 esse
674 2083 804 2129 nornen
826 2062 944 2149 specie
967 2083 1072 2148 quam
1094 2058 1260 2129 Semitica
1282 2058 1361 2141 (nisi
1388 2058 1478 2126 forte
1500 2056 1556 2123 ad·

282 2165 445 2232 simulare
467 2165 546 2232 licet
569 2183 661 2255 usp}
684 2165 697 2231 I
720 2163 806 2251 Reg.
832 2166 881 2249 16,
904 2186 926 2251 9
949 2164 1044 2252 quod
1067 2162 1102 2230 in
1125 2163 1201 2230 cod.
1220 2162 1256 2229 A
1271 2161 1427 2228 redditur
1441 2161 1555 2245 Αρσα).

278 2309 321 2317 -
344 2269 446 2357 plane
470 2282 586 2335 autem
608 2269 730 2335 haeret
752 2290 844 2356 aqua
866 2267 901 2334 in
916 2266 1078 2351 Ἐνδεμίας
1093 2265 1234 2333 nomine
1256 2265 1390 2347 (usn-uu
1406 2262 1554 2352 Eprplz.)‚

281 2373 376 2461 quod
398 2395 522 2440 sanum
546 2394 590 2439 an
614 2382 816 2460 corruptum
838 2371 1031 2458 putandum
1054 2369 1099 2438 sit
1120 2391 1266 2458 prorsus
1288 2367 1417 2435 nescio.

379 2498 418 2565 p.
451 2475 506 2561 ll,
540 2475 602 2544 23.
656 2474 847 2559 Ἐλεάζαρος
879 2475 974 2563 quod
1009 2474 1140 2541 habent
1171 2472 1237 2558 Zs,
1282 2469 1398 2537 stulu<
1429 2469 1554 2559 Epaph.

278 2583 299 2664 (z
322 2579 518 2665 Ἐλιὲζερος),
543 2578 729 2647 discrimen
753 2577 825 2645 lere
847 2602 919 2646 non
942 2589 1004 2646 est.

382 2703 420 2770 p.
444 2682 490 2768 ll,
521 2682 584 2751 23.
629 2681 767 2759 Βαναίας
788 2681 934 2765 (Βανὲας)
958 2683 1044 2764 (uua
1059 2679 1198 2769 Epz’plz.)
1213 2676 1359 2766 praetuli
1374 2675 1557 2745 Schmidti-

278 2806 366 2851 anae
405 2784 538 2852 formae
577 2785 721 2863 Βαναῖος.
776 2783 979 2873 exprimitur
1010 2802 1058 2870 σε,
1092 2782 1148 2850 vel
1181 2801 1251 2870 ,ηας
1283 2779 1337 2862 (cf.
1371 2777 1557 2847 Gesenius-

279 2885 367 2953 Buhl
389 2886 452 2954 lex.
477 2887 585 2955 Hebr.
608 2911 642 2977 p.
668 2911 730 2958 110
752 2911 803 2977 sq.
828 2888 881 2955 ed.
907 2888 1013 2975 1895).

855 3179 881 3288 ς
907 3181 971 3265 42.

379 3378 417 3445 p.
441 3355 487 3441 lt,
511 3354 573 3424 25.
619 3356 728 3442 Χαβεῠ
761 3355 902 3423 nomine
928 3355 1023 3445 quod
1046 3355 1196 3424 Frankel
1222 3355 1321 3424 reddi
1352 3367 1451 3445 putat
1474 3377 1554 3450 ³:3¹2

278 3460 366 3544 (Esr.
390 3458 486 3526 hebr.
510 3482 540 3544 2,
563 3461 624 3527 61:
656 3462 747 3546 οβαια
771 3459 847 3527 cod.
870 3460 915 3545 A,
940 3460 1053 3546 λαβεια
1074 3459 1128 3539 Β;
1152 3458 1297 3527 Nehem.
1322 3482 1352 3548 7,
1375 3462 1436 3548 63:
1471 3461 1556 3547 εβεια

276 3562 356 3649 ΑΒ,
381 3564 471 3649 αβεια
494 3566 540 3649 κ),
566 3562 641 3630 fieri
665 3563 805 3651 quidem
830 3563 865 3630 id
896 3563 1009 3652 potuit
1031 3604 1075 3612 —
1098 3586 1308 3652 quamquam
1343 3562 1486 3649 Χαβαίας
1509 3563 1556 3630 ita

278 3666 516 3756 expectaveris
538 3706 590 3751 —‚
615 3667 678 3734 sed
699 3678 816 3734 manet
846 3688 986 3754 semper
1019 3666 1139 3734 nescio
1172 3666 1254 3755 quid
1287 3666 1433 3734 duritiae
1455 3688 1556 3733 voca·

279 3772 419 3860 bulique
444 3782 606 3860 aspectus
629 3793 775 3859 prorsus
807 3794 880 3838 non
903 3769 1070 3839 Graecus.
1117 3793 1186 3858 quo
1220 3793 1297 3838 cum
1329 3771 1471 3837 accedat
1495 3768 1555 3835 ab:

277 3875 447 3964 scriptura
475 3874 599 3966 Epr'ph.
632 3877 654 3958 (z
687 3875 821 3961 Χαλεβ),
856 3874 995 3941 videtur
1025 3896 1132 3961 posse
1164 3873 1253 3941 sumi
1285 3873 1489 3962 corruptela.
1513 3913 1556 3920 —

276 3979 473 4067 proximum
496 4002 626 4048 nomen
645 4002 722 4047 curn
739 3979 892 4055 Δοσίθεος
907 3978 1131 4067 perhibeatur
1154 4000 1174 4044 a
1189 3977 1367 4045 codicibus
1383 3976 1553 4062 omnibus

276 4104 348 4150 non
371 4082 542 4166 Δοσίθεος,
568 4081 690 4170 reliqui
713 4082 886 4166 (houthem
909 4092 1003 4149 extat
1026 4104 1105 4169 eg.
1129 4081 1223 4169 apud
1239 4080 1452 4169 Mahaffyum
1474 4103 1553 4168 pap.

276 4183 304 4250 Η
325 4207 358 4271 n·
384 4186 467 4272 [140.
490 4187 566 4273 331)Ι

378 4308 416 4377 p.
449 4287 502 4373 12,
535 4288 571 4355 l.·
609 4288 739 4375 ίσοὶηλος
763 4287 813 4356 Zs
844 4288 953 4355 multo
986 4287 1209 4377 probabilius,
1242 4288 1277 4355 ni
1309 4288 1416 4373 fallor,
1450 4310 1554 4376 quarn

277 4388 408 4455 natm
432 4391 556 4481 Epzph
581 4394 602 4474 (ζ
626 4391 775 4476 Ἰσαλος).
821 4392 953 4460 scilicet
974 4392 1066 4459 idem
1098 4391 1180 4459 illud
1203 4391 1295 4459 valet
1317 4402 1421 4479 atque
1444 4403 1553 4484 ujqu,

278 4506 409 4562 mutata
432 4496 610 4565 dumtaxat
634 4496 878 4565 terminatione
901 4498 959 4580 (lug
981 4519 1045 4585 pro
1069 4500 1126 4583 ³2)-

379 4621 417 4688 p.
452 4599 514 4686 12,
547 4600 575 4667 l.
630 4601 762 4687 ἀβιήτης
797 4600 855 4687 Zs,
889 4624 960 4690 quo
993 4600 1149 4668 redditur
1179 4599 1255 4667 sine
1287 4599 1393 4667 dubio
1423 4623 1552 4669 nomen

276 4700 417 4789 aliquod
441 4725 483 4770 ex
504 4703 620 4771 multis
642 4703 707 4771 illis
730 4727 794 4792 per
816 4725 858 4769 :u
876 4703 1041 4771 formatis.
1079 4702 1274 4792 Epiphania·
1294 4722 1414 4767 ’σασα
1430 4726 1493 4792 per
1516 4727 1554 4771 se

278 4803 417 4892 quidem
450 4820 571 4893 posset
602 4807 754 4896 intellegi
784 4847 828 4856 -
859 4827 916 4873 *riu
949 4806 1048 4895 Syn:
1081 4809 1200 4895 ,petra‘
1230 4847 1282 4892 -‚
1315 4807 1379 4874 sed
1409 4829 1555 4895 prorsus
