3775 5659
702 942 727 1014 Α
756 937 784 1015 P
807 938 877 1014 [Σ
904 937 932 1013 Τ
954 937 984 1015 Ε
1007 940 1033 1013 Α
1060 940 1090 1013 Σ

766 1078 1020 1153 ΦΙΛΟΚΡΑΤΕΙ.

852 1219 955 1226 *-

22 1409 24 1412 v
134 1353 159 1401 p.
177 1336 210 1384 13
229 1334 256 1387 S.
305 1330 318 1383 1
458 1273 643 1403 Αξιολόγου
660 1318 849 1405 διηγήσεως,
875 1317 1127 1402 ώΦιλόκρατες,
1145 1319 1215 1401 περὶ
1230 1316 1448 1401 τηςγενηθεί-
1497 1326 1508 1379 1

42 1415 46 1422 ’
341 1444 399 1507 σης
421 1422 498 1507 ἡμῖν
521 1421 667 1507 ἐντυχίας
689 1425 764 1507 πρὸς
787 1421 981 1507 Ἐλεάζαρον
1005 1424 1059 1485 τδν
1074 1429 1136 1485 τῶν
1159 1419 1318 1483 Ἰουδαίων
1341 1421 1448 1504 ἀρχιε-

340 1525 395 1608 ρέα
419 1524 651 1611 συνεσταμένης
674 1525 724 1589 διὰ
755 1528 791 1588 τδ
824 1526 859 1587 σὲ
894 1527 964 1609 περὶ
995 1523 1115 1587 πολλοῦ
1142 1522 1351 1607 πεποιῆσθαι,
1375 1523 1448 1606 παρ’

341 1628 465 1691 έκαστα
497 1625 786 1712 γόπομιμνήσκων,
821 1636 1013 1708 συνακοῦσαι
1047 1630 1118 1709 περί
1148 1628 1190 1692 ών
1222 1625 1449 1711 ἀπεστάλημεν

300 1737 316 1794 5
341 1729 397 1794 καί
419 1730 470 1793 διὰ
493 1729 534 1811 τί,
567 1728 757 1815 πεπείραμαι
781 1739 888 1812 σαφῶς
911 1729 1072 1793 ἐκθέσθαι
1097 1751 1157 1812 σοι,
1182 1730 1384 1815 κατειληφὼς
1406 1729 1454 1813 ἣν

342 1835 426 1917 ἔχεις
461 1833 626 1917 φιλομαθῆ
659 1831 813 1895 διάθεσιν·
848 1834 923 1917 όπερ
966 1832 1112 1918 μέγιστόν
1150 1833 1234 1897 ἐστιν
1274 1833 1445 1917 ἀνθρώπῳ,

342 1936 596 2020 προσμανθάνειν
627 1934 675 1999 ἀεί
706 1956 735 1998 τι
768 1937 822 1999 καί
854 1934 1116 2022 προσλαμβάνειν,
1156 1937 1227 2020 ἤτοι
1268 1938 1353 1999 κατὰ
1393 1938 1449 2011 τάς

343 2038 478 2123 ἱστορίας
512 2040 533 2123 ἢ
566 2042 621 2102 καί
652 2039 724 2103 κατ’
750 2041 827 2103 αὐτὸ
851 2042 886 2103 τδ
909 2049 1040 2124 πρᾶγμα
1062 2038 1309 2124 πεπειραμένων·
1367 2043 1449 2104 οὕτω

341 2143 402 2225 γάρ
435 2142 713 2221 κατασκευάζεται
747 2142 854 2227 ψυχῆς
877 2142 1009 2226 καθαρά
1040 2142 1193 2218 διάθεσις·
1241 2143 1447 2228 ἀναλαβοῦσα

282 2254 318 2309 10
343 2246 382 2322 τά
405 2246 563 2309 κάλλιστα
585 2248 640 2309 καί
667 2249 740 2329 πρὸς
763 2248 798 2308 τό
821 2245 947 2309 πάντων
970 2244 1164 2328 κυριώτατον
1186 2254 1363 2327 νενευκυῖα,
1389 2248 1448 2330 την

342 2347 512 2433 εὐσέβειαν,
538 2348 673 2412 ἀπλανεῖ
696 2347 880 2433 κεχρημένη
908 2346 1017 2411 κανόνι
1040 2347 1153 2410 διοικεῖ
1174 2350 1233 2431 τὴν
1255 2348 1444 2432 προαίρεσιν.

444 2453 572 2535 ἔχοντες
603 2451 696 2536 ἡμεῖς
726 2454 801 2535 πρὸς
841 2454 879 2515 τδ
907 2450 1075 2534 περιέργως
1098 2453 1139 2513 τά
1171 2452 1247 2514 θεῖα
1280 2461 1447 2515 κατανοεῖν
1509 2497 1511 2500 ψ

342 2552 472 2628 ἑαυτοὺς
503 2553 707 2639 ἐπεδώκαμεν
730 2555 773 2630 είς
806 2556 859 2617 τόν
890 2553 1112 2638 προειρημένον
1143 2553 1240 2637 ἀνδρα
1271 2553 1446 2639 πρεσβείαν,

342 2655 573 2741 καλοκάγαθίᾳ
600 2659 656 2720 καί
679 2656 753 2741 δόξη
777 2656 1042 2742 προτετιμημένον
1076 2656 1136 2719 ὑπό
1167 2665 1286 2721 τετῶν
1311 2657 1450 2721 πολιτῶν

283 2767 320 2824 15
345 2763 400 2825 καί
423 2770 484 2825 τών
512 2762 619 2825 ἀλλων
641 2764 696 2825 καί
719 2762 1005 2847 κατακεκτημένον
1028 2761 1182 2847 μεγίστην
1204 2760 1361 2844 ώφέλειαν
1383 2770 1449 2835 τοῖς

342 2868 397 2928 σὺν
420 2863 536 2949 ἑαυτῷ,
561 2867 617 2928 καὶ
639 2874 703 2940 τοῖς
725 2868 810 2928 κατά
833 2869 905 2941 τοὺς
933 2865 1050 2942 ἀλλους
1072 2865 1186 2941 τόπους
1208 2862 1350 2938 πολίταις
1372 2866 1448 2946 πρὸς

342 2971 400 3053 την
439 2968 603 3054 ἑρμηνείαν
626 2979 680 3032 τοῦ
712 2968 802 3032 θείου
835 2968 929 3053 νόμου
955 3006 994 3016 -
1018 2968 1068 3031 διὰ
1099 2971 1135 3031 τὸ
1166 2967 1350 3052 γεγράφθαι
1373 2967 1446 3050 παρ’

247 3065 250 3069 ’
342 3073 447 3146 αὐτοῖς
491 3073 524 3135 ἐν
568 3071 729 3157 διφθέραις
769 3071 951 3159 Ἑβραϊκοῖς
988 3070 1178 3156 γράμμασιν.
1247 3070 1286 3154 ἣν
1323 3070 1356 3131 δέ
1393 3071 1448 3131 καί

342 3174 566 3260 ἐποιησάμεθα
597 3175 689 3260 ἡμεῖς
720 3174 872 3259 σπουδήν,
902 3174 1051 3260 λαβόντες
1074 3173 1194 3257 καιρόν,
1220 3175 1295 3256 πρὸς
1318 3174 1371 3234 τόν
1393 3172 1447 3257 βα-

278 3286 317 3342 20
341 3277 431 3340 σιλέα
455 3280 524 3362 περί
556 3285 617 3340 τῶν
650 3276 912 3361 μετοικισθέντων
953 3277 995 3353 εἰς
1017 3276 1179 3360 Αἴγυπτον
1211 3276 1249 3338 ἐκ
1282 3284 1340 3359 τῆς
1371 3273 1449 3338 Ἰου-

341 3380 429 3455 δαίας
460 3381 520 3443 όπό
554 3388 607 3443 τοῦ
638 3383 753 3464 πατρὸς
794 3389 848 3443 τοῦ
879 3379 1044 3466 βασιλέως,
1090 3378 1219 3463 πρώτως
1250 3377 1448 3462 κεκτημένου

342 3483 401 3567 τήν
434 3505 469 3546 τε
502 3483 591 3547 πόλιν
623 3486 678 3547 καί
718 3487 758 3547 τά
797 3487 883 3547 κατὰ
915 3486 975 3569 τὴν
1006 3484 1170 3567 Αἴγυπτον
1201 3480 1445 3566 παρειληφότος,

341 3584 425 3665 ἄξιόν
462 3586 529 3648 ἐστι
566 3589 622 3648 καί
658 3587 758 3651 ταῦτά
796 3609 844 3650 σοι
881 3587 1036 3672 δηλῶσαι.
1103 3585 1273 3671 πέπεισμαι
1310 3585 1371 3669 γάρ
1411 3605 1446 3646 σε
1493 3624 1499 3643 .

342 3689 464 3774 μᾶλλον
494 3690 611 3773 έχοντα
643 3688 828 3772 πρόσκλισιν
868 3692 943 3772 πρδς
983 3692 1041 3773 την
1083 3688 1262 3774 σεμνότητα
1304 3691 1359 3751 καί
1390 3690 1449 3772 την

278 3800 317 3855 25
341 3800 401 3856 τῶν
433 3792 608 3877 ἀνθρώπων
639 3792 781 3855 διάθεσιν
813 3800 874 3856 τῶν
901 3794 987 3855 κατὰ
1020 3794 1078 3877 τὴν
1113 3794 1230 3877 σεμνην
1260 3790 1449 3876 νομοθεσίαν

341 3894 544 3979 διεξαγόντων
576 3899 645 3981 περί
677 3898 719 3959 ών
750 3895 985 3982 προαιρούμεθα
1026 3896 1142 3980 δηλοῦν
1173 3895 1315 3981 ἀσμένως
1352 3894 1447 3958 ἀκοό-

445 4136 476 4192 3.
494 4141 683 4209 συνισταμένης
700 4142 722 4191 L
742 4140 754 4210 β
776 4139 807 4194 4.
825 4141 1034 4211 ὑπομιμνήσκων]
1059 4141 1286 4209 ὑπομιμνήσκοντα
1305 4145 1413 4198 conieci
1434 4145 1446 4214 Η

342 4223 373 4279 5.
392 4224 606 4292 κατειληφώς-
625 4225 657 4280 6.
675 4227 807 4296 ἀνθρώπῳ
826 4242 880 4281 om.
900 4228 925 4277 H
944 4226 957 4295 ΙΙ
977 4225 1008 4281 7.
1026 4225 1083 4296 ἤτοι
1100 4227 1167 4278 κατὰ
1179 4228 1228 4287 τὰς
1236 4230 1267 4294 Ζ,
1286 4228 1343 4297 ἦτοι
1361 4231 1384 4281 τί
1397 4231 1449 4282 ἀπὸ

341 4317 416 4380 τῆςι
436 4311 449 4379 Η
470 4309 501 4364 8.
519 4311 574 4361 κατ’
601 4313 667 4363 αὐτὸ
691 4314 721 4365 τὸ
741 4314 783 4378 ἀι,
810 4314 877 4364 κατὰ
894 4314 976 4364 ταυτὸ
1003 4314 1034 4364 τὸ
1051 4312 1108 4363 ΗΝ
1124 4312 1137 4382 β
1157 4315 1356 4382 πεπειραμένων
1375 4317 1448 4382 ίΝο,

341 4396 558 4466 πεπειραμένωίί,
590 4403 602 4450 1
630 4398 683 4452 litt.
712 4414 759 4462 er.
785 4398 826 4466 H,
856 4399 1043 4467 πεπειραμένῳ
1069 4399 1196 4453 Schmidt
1226 4399 1239 4468 ΙΙ
1271 4399 1303 4454 9.
1332 4401 1451 4460 διάθεσις

341 4483 394 4553 <ἥ
419 4496 491 4542 τις>
517 4484 564 4537 vol
590 4483 762 4548 ἀναλαβοῦσά
788 4498 886 4542 <τε>
913 4487 1023 4540 conieci
1051 4486 1063 4554 11
1092 4484 1138 4540 13.
1166 4487 1355 4553 προεδώκαμεν
1380 4489 1402 4537 L
1434 4487 1446 4555 ΙΙ

341 4569 386 4624 14.
395 4570 568 4639 τετιμημένον
577 4570 601 4619 L
621 4568 633 4638 Η
653 4568 699 4624 15.
709 4572 934 4640 κατακεκτημένον
948 4573 995 4637 Lx,
1005 4571 1207 4641 καταίκτημένον
1216 4591 1249 4633 οι,
1258 4573 1448 4642 κατεκπημένον

338 4673 395 4724 μην,
413 4656 608 4726 κατεκτημένου
624 4657 653 4706 H
666 4655 678 4725 β
698 4655 745 4711 18.
764 4658 845 4709 αὐτοῦ
864 4659 886 4708 L
912 4657 925 4727 β
945 4658 976 4709 δὲ
994 4659 1110 4727 Kuiper,
1129 4659 1163 4727 δὴ
1180 4661 1207 4711 Ζ
1227 4658 1240 4726 ΙΙ
1268 4656 1315 4712 19.
1332 4661 1448 4728 σπουδήν

340 4774 566 4847 Κώίμθῖ,σποοδ,η“
580 4779 605 4828 Ζ
616 4775 629 4848 β
649 4774 701 4832 22.
719 4777 752 4828 τὰ
765 4793 818 4832 om.
834 4780 856 4828 L
876 4777 889 4848 β
909 4777 962 4834 24.
981 4779 1128 4848 πρόσκλισιν
1146 4798 1166 4846 ιι,
1179 4745 1344 4851 πρόσκλησιν,
1364 4795 1446 4847 tsup.

341 4877 394 4916 scr.
423 4878 440 4916 a
468 4878 504 4917 m.
534 4866 680 4929 1111111,
707 4883 732 4932 y,
760 4865 915 4934 πρόσκλησιν
934 4868 1022 4920 ceteri
1042 4866 1054 4936 β
1075 4864 1128 4921 26.
1146 4866 1249 4937 δηλοῦν,
1269 4867 1392 4930 ἀσμένως
1407 4867 1447 4920 ἀι,

341 4950 413 5002 coni.
432 4948 567 5012 Schmidt,
585 4949 727 5019 δηλοῦντες
742 4952 791 5015 μὲν
809 4952 848 5010 ώς
862 4952 892 5003 σέ
914 4949 997 5017 (ὥστε
1018 4953 1065 5016 Ην)
1087 4953 1127 5006 ἀνι,
1149 4954 1174 5002 Ζ

1286 5043 1298 5091 l
