3775 5659
991 522 1035 588 36

910 615 1113 622 —--—-

371 727 402 815 8,
426 728 487 817 48:
511 729 636 795 πάντων
658 728 829 816 ἐσημάνθη
852 729 1105 816 ὀνοματοχραφία
1128 728 1308 816 (‚omnium
1330 728 1461 819 scripto
1484 729 1648 798 mandata

373 845 454 901 sunt
476 833 650 919 nomina‘).
696 857 786 923 quae
808 834 1015 922 significatio
1039 834 1142 904 etiam
1165 835 1200 903 in
1222 835 1315 903 illum
1338 835 1453 902 locum
1477 835 1648 922 quadrare

371 936 554 1022 videbitur,
587 938 617 1005 si
649 938 740 1005 hunc
771 937 806 1005 in
837 939 980 1006 modum
1011 938 1181 1006 Demetrii
1212 938 1320 1005 verba
1351 937 1516 1006 fuerimus
1548 939 1648 1007 inter·

371 1040 516 1127 pretati:
541 1040 713 1109 Hebraice
736 1053 774 1108 ut
795 1041 891 1128 leges
914 1040 1090 1108 Mosaicae
1112 1041 1157 1108 ab
1180 1040 1276 1108 initio
1299 1040 1426 1109 fuerint
1448 1053 1646 1130 conceptae,

371 1141 545 1211 Hebraica
579 1155 651 1211 tum
675 1167 815 1232 quoque
837 1144 872 1211 in
894 1144 1061 1233 Aegypto
1096 1143 1305 1212 circumferri
1338 1165 1457 1211 earum
1479 1145 1646 1232 exempla.

372 1267 413 1311 ea
436 1257 551 1314 autem
575 1247 733 1335 exempla
754 1247 981 1335 neglegenter
1004 1246 1147 1314 omnino
1163 1247 1402 1334 mendoseque
1424 1269 1504 1315 esse
1519 1248 1648 1335 scripta

370 1387 413 1395 -—
447 1360 568 1437 utpote
601 1372 690 1438 quae
722 1372 822 1417 curas
854 1350 989 1418 criticas
1021 1372 1092 1417 non
1127 1348 1252 1417 fuerint
1283 1362 1426 1438 experta
1446 1369 1507 1418 -:
1539 1362 1648 1419 trans·

370 1450 535 1519 lationem
558 1451 662 1540 igitur
684 1454 729 1521 ad
751 1453 808 1520 illa
830 1475 901 1520 non
923 1475 1030 1540 posse
1053 1452 1192 1538 institui,
1226 1454 1289 1521 sed
1321 1453 1395 1521 eius
1426 1453 1566 1542 quidem
1597 1454 1646 1521 rei

371 1576 475 1622 causa
498 1555 696 1623 adeundum
729 1577 807 1623 esse
838 1555 1035 1643 exemplum
1057 1555 1414 1643 Hierosolymitanum
1445 1568 1567 1645 utpote
1589 1557 1646 1624 illi-

370 1657 490 1725 batum
512 1658 567 1739 (cf.
593 1663 614 1743 §
636 1664 679 1742 2).
702 1698 746 1706 -
768 1681 809 1726 ac
829 1681 953 1727 revera
976 1659 1183 1726 mendorum
1215 1659 1322 1727 luisse
1355 1660 1458 1748 plena
1489 1660 1646 1748 exempla

370 1758 544 1828 Hebraica
565 1762 721 1849 vulgaria
743 1761 842 1830 facile
864 1762 1045 1829 Demetrio
1068 1762 1268 1830 credemus:
1301 1784 1427 1850 magna
1451 1763 1542 1830 enim
1564 1785 1646 1850 pars

369 1862 533 1931 vitiorum
557 1886 647 1952 quae
668 1864 769 1932 LXX
791 1866 922 1933 habent
944 1864 1071 1933 talibus
1094 1887 1137 1931 ex
1161 1864 1328 1952 exemplis
1351 1864 1468 1932 fluxit:
1492 1888 1523 1932 V.
1542 1865 1646 1932 Pran-

369 1965 425 2033 kel
447 1966 467 2033 l.
492 1966 524 2033 d.
549 1988 581 2055 p.
604 1990 669 2055 214
690 1990 742 2055 sq.
758 2007 803 2015 -
823 1970 883 2054 οὐχ
906 1967 948 2045 ὡς
970 1968 1104 2053 ὑπάρχει
1127 1967 1295 2056 Iosephus
1318 1990 1382 2056 per
1405 1970 1473 2054 ἔχει
1495 1967 1647 2036 reddidit

368 2070 403 2151 (§
425 2086 485 2155 37:
509 2069 689 2157 συμβέβηκε
711 2071 737 2134 δ’
761 2073 844 2134 αὐτὰ
866 2073 921 2134 καὶ
944 2069 1153 2155 ἀμελέστερον
1175 2072 1196 2154 ἢ
1221 2073 1290 2156 ἔχει
1313 2072 1514 2156 σεσημάνθαι
1537 2071 1645 2135 διὰτὸ

369 2171 536 2256 βασιλικῆς
551 2174 636 2236 οὔπω
651 2173 864 2260 τετυχηκέναι
880 2172 1049 2257 προνοίας),
1074 2172 1301 2260 neglegenter
1318 2173 1468 2260 quidem,
1492 2184 1531 2239 ut
1545 2173 1643 2258 solet,

368 2272 477 2340 verba
499 2274 624 2342 tradita
657 2287 820 2361 tractans,
852 2275 915 2343 sed
945 2288 984 2344 ut
1015 2287 1132 2342 tamen
1163 2297 1234 2343 non
1267 2275 1367 2343 liceat
1399 2298 1476 2343 cum
1500 2274 1645 2344 Davisio

370 2398 473 2463 quem
496 2374 602 2445 Niese
625 2390 659 2445 et
682 2377 800 2446 Naber
823 2390 904 2446 sunt
927 2378 1045 2463 secuti,
1070 2381 1139 2464 ἔχει
1163 2378 1321 2447 codicum
1344 2389 1479 2446 mutare
1509 2377 1546 2444 in
1568 2379 1642 2443 ἔδει.

471 2500 508 2567 p.
532 2478 567 2565 7,
591 2478 646 2548 16.
691 2481 824 2567 τέτευχε
839 2481 1002 2549 Aristeae
1024 2483 1213 2571 genuinum
1236 2481 1326 2549 male
1348 2481 1441 2569 apud
1456 2480 1643 2548 Eusebium

367 2581 502 2648 transiit
524 2581 559 2648 in
579 2584 751 2670 τετύχηκει
778 2583 817 2651 cf.
841 2607 920 2673 pap.
937 2585 1042 2653 Taur.
1066 2585 1093 2653 ll
1115 2609 1148 2674 p.
1164 2607 1215 2674 34,
1239 2587 1291 2669 26,
1316 2585 1424 2654 Catal.
1449 2583 1537 2650 Mus,
1560 2584 1642 2651 Brit.

367 2705 400 2770 p.
422 2684 453 2767 8,
476 2704 527 2771 25,
552 2683 697 2753 Schmid
721 2686 946 2770 ‚Atticismus‘
968 2688 982 2755 l
1004 2711 1037 2776 p.
1059 2690 1103 2756 86
1125 2688 1166 2756 al.

942 2977 969 3090 s
995 2977 1059 3062 aa.

471 3133 509 3203 p.
529 3112 632 3200 7,17.
676 3117 916 3204 διηκριβωμένα]
934 3119 1139 3203 ,emendata‘
1155 3118 1242 3206 legis
1267 3118 1443 3187 Mosaicae
1467 3119 1643 3187 volumina

366 3217 471 3284 velim
494 3216 675 3306 intellegas
698 3218 844 3304 Graeca,
868 3243 940 3288 non
964 3221 1146 3289 Hebraica.
1192 3220 1322 3289 scilicet
1345 3232 1383 3289 ut
1408 3223 1640 3290 concedamus

366 3342 437 3386 non
470 3319 564 3386 omni
597 3343 639 3387 ex
670 3334 769 3411 parte
802 3345 880 3391 esse
907 3323 989 3391 ficta
1022 3347 1111 3412 quae
1142 3336 1326 3392 narrantur
1358 3324 1403 3391 de
1425 3325 1640 3413 Philadelphi

366 3422 481 3489 studio
504 3421 798 3493 conficiendarum
817 3426 1081 3494 translationum
1104 3429 1149 3509 (v.
1168 3427 1204 3494 F.
1220 3427 1354 3495 Ritschl
1378 3449 1496 3517 opusc.
1513 3428 1526 3495 l
1541 3451 1573 3517 p.
1588 3449 1640 3516 30,

365 3525 541 3595 Susemihl
565 3528 803 3616 ,gdech-aler.
827 3529 1063 3598 Litt.·Gesch.‘
1086 3530 1100 3597 l
1123 3553 1155 3619 p.
1170 3535 1257 3619 344),
1282 3531 1317 3598 in
1340 3530 1416 3619 ipsa
1432 3519 1641 3599 bibliotheca

366 3643 460 3698 certo
484 3654 555 3699 non
578 3645 676 3701 erant
697 3632 763 3700 nisi
786 3631 863 3700 libri
880 3632 1018 3701 Graece
1032 3632 1159 3721 scripti.
1206 3645 1366 3702 accurate
1381 3634 1485 3723 igitur
1501 3634 1641 3722 loquen-

364 3745 435 3802 tem
457 3735 675 3803 Demetrium
697 3734 857 3803 Aristeas
888 3735 916 3803 si
948 3735 1116 3803 voluisset
1147 3735 1269 3822 facere,
1303 3737 1488 3804 dicendum
1521 3737 1642 3804 fuisset

364 3862 454 3928 opus
476 3862 554 3907 esse
576 3840 651 3928 regi
674 3840 761 3929 legis
783 3839 959 3908 Mosaicae
982 3840 1141 3928 exemplo
1165 3839 1303 3909 Graeco
1327 3841 1522 3926 emendato,
1554 3840 1586 3907 h.
1611 3863 1640 3908 e.

365 3943 522 4010 derivato
546 3966 589 4010 ex
610 3943 816 4011 intemerato
840 3941 936 4009 fonte
958 3941 1143 4010 Hebraico.
1188 3943 1252 4010 sed
1286 3943 1412 4031 quibus
1445 3943 1640 4011 destinatus

307 4124 308 4128 ¹
365 4056 439 4113 erat
468 4046 632 4114 Aristeae
662 4046 797 4113 libellus
828 4044 955 4114 Graeci
987 4046 1095 4112 verba
1126 4067 1168 4112 ex
1200 4045 1309 4133 ipsius
1341 4045 1391 4113 rei
1422 4058 1547 4113 natura
1569 4069 1640 4113 non

363 4159 525 4236 poterant
547 4172 618 4217 non
641 4159 736 4217 recte
758 4148 988 4236 interpretari.

466 4273 504 4340 p.
535 4251 570 4338 7,
602 4251 752 4320 19-23.
805 4253 851 4315 διὸ
882 4251 985 4336 πόρρω
1007 4291 1050 4300 -
1070 4252 1240 4329 Ἑκαταῖος
1271 4253 1510 4340 ὁἈβδηρίτης]
1541 4254 1639 4322 locus

362 4354 418 4421 hic
441 4355 536 4443 quod
558 4367 652 4424 recte
674 4356 741 4423 iam
764 4366 882 4443 potest
896 4355 1035 4423 tractari
1059 4354 1165 4422 Elteri
1181 4355 1330 4423 maxime
1346 4356 1515 4424 debemus
1537 4358 1640 4424 bene·

362 4455 451 4540 ficio,
483 4480 514 4524 v.
548 4456 723 4543 ,Gnomol
749 4458 872 4528 Graec.
906 4458 996 4526 hist‘
1019 4481 1052 4547 p.
1076 4480 1140 4546 213
1162 4481 1225 4547 sq„
1257 4481 1322 4547 240
1344 4481 1395 4546 sq.
1442 4482 1513 4548 quo
1536 4459 1639 4547 igitur

363 4568 522 4646 tempore
551 4561 712 4629 Aristeas
744 4561 947 4650 opusculum
982 4584 1082 4629 suum
1114 4561 1252 4650 scripsit
1274 4601 1317 4610 —
1339 4562 1359 4628 i.
1393 4584 1421 4629 e.
1445 4562 1565 4647 altero,
1601 4573 1640 4629 ut

361 4660 507 4746 videtur,
531 4674 611 4730 ante
636 4662 716 4732 Chr.
741 4687 772 4731 n.
796 4664 935 4732 sacculo
957 4703 1008 4750 —,
1033 4664 1238 4733 ludaeorum
1269 4686 1332 4752 per
1361 4664 1492 4732 alienas
1527 4676 1638 4731 terras

362 4762 600 4850 dispersorum
617 4778 650 4833 et
666 4767 832 4835 adauctus
847 4789 1013 4835 numerus
1037 4780 1071 4835 et
1085 4768 1181 4856 leges
1196 4766 1388 4855 peculiares
1411 4768 1445 4835 in
1463 4767 1636 4837 Graecum

362 4864 492 4932 dudum
516 4888 640 4936 versae
662 4869 797 4937 animos
820 4869 998 4937 hominum
1016 4871 1200 4938 advertere
1215 4882 1411 4959 coeperant.
1457 4892 1545 4959 gens
1561 4871 1637 4957 ipsa
