3775 5659
367 1169 603 1240 Lndovico
639 1166 994 1249 Mendelssobn,
1035 1167 1191 1259 conlegae
1226 1168 1439 1251 venerando,
1479 1170 1542 1258 qni

264 1278 498 1344 nm'oersitatis
529 1283 666 1343 nostrae
685 1283 756 1361 -per
787 1274 937 1361 qninqne
962 1272 1040 1359 sere
1071 1273 1182 1340 lnstra
1214 1274 1348 1362 insigne
1379 1275 1479 1341 decns
1500 1298 1540 1341 ac

250 1380 377 1447 ‚lnmen
393 1378 470 1465 fnit
490 1402 657 1466 qnemqne
679 1380 750 1444 iam
775 1377 906 1444 crndeli
927 1384 1033 1442 morte
1049 1384 1270 1464 praereptam
1301 1378 1412 1445 cnncti
1432 1401 1538 1465 qnam

265 1484 415 1550 maxime
445 1482 633 1570 dejlemns,
665 1482 827 1569 epistulae
858 1479 1068 1547 Aristeanae
1101 1480 1279 1547 editionem
1314 1489 1355 1547 nt
1382 1482 1542 1567 inciperet

265 1586 512 1665 tantnmmodo,
538 1585 694 1651 Fortnna
716 1584 804 1650 viris
826 1584 948 1650 invida
972 1582 1127 1669 sortibns
1159 1585 1323 1650 concessit.
1370 1592 1539 1671 qnantnm

264 1690 503 1756 detrimentnm
538 1689 617 1755 inde
653 1688 755 1774 idqne
787 1686 1017 1773 inreparabile
1049 1687 1180 1753 litterae
1210 1694 1346 1753 nostrae
1386 1689 1540 1775 ceperint,

255 1791 428 1878 facillime
451 1792 652 1881 intellegent,
675 1792 879 1877 qnicnmqne
894 1789 990 1856 illins
1006 1798 1089 1877 opns
1106 1797 1304 1877 postnmnm
1322 1791 1540 1879 perlegerint,

264 1895 361 1981 qnod
378 1893 681 1961 Alexandrae
702 1892 1032 1960 Mendelssolcn
1056 1892 1271 1974 clarissimae
1290 1892 1540 1981 feminaeper-

264 1998 373 2063 missn
410 2005 442 2063 et
476 1997 688 2085 amplissimi
720 2004 860 2063 senatns
896 1996 1132 2063 nm'aersitatis
1168 2003 1304 2062 nostrae
1340 1997 1540 2065 anctoritate

259 2100 393 2186 pnblici
421 2124 510 2167 nnnc
541 2101 631 2167 mris
653 2098 759 2185 facio.
815 2098 895 2182 Qno
924 2100 961 2166 in
995 2107 1090 2186 opere
1121 2099 1210 2188 typis
1240 2098 1457 2165 describendo
1488 2122 1541 2166 me

264 2203 406 2270 sclcedas
426 2203 473 2269 M
480 2226 528 2270 en
540 2204 567 2269 d
574 2203 615 2269 el
621 2201 759 2270 ssobn
772 2203 810 2268 ii
829 2224 936 2289 qnam
960 2202 1216 2291 religiosissime
1238 2210 1278 2268 nt
1291 2211 1364 2290 par
1385 2211 1435 2269 est
1453 2226 1541 2270 secn·

265 2313 336 2372 tnm
360 2329 429 2373 esse
443 2329 550 2394 neqne
572 2308 765 2395 qmdqnam
790 2314 910 2372 temere
933 2313 1085 2372 mntasse
1107 2306 1166 2370 aen
1188 2305 1352 2391 estquod
1371 2327 1538 2372 moneam.

266 2396 315 2475 ita
338 2418 436 2476 notae
452 2410 618 2497 propriae
654 2410 704 2476 ad
736 2410 916 2475 deteriores
951 2408 1077 2474 codices
1104 2406 1352 2496 significandos
1382 2407 1544 2475 adhiberi

263 2513 393 2591 solitae,
415 2536 485 2599 qna
507 2511 555 2577 M
560 2513 646 2579 end
652 2513 693 2578 el
698 2511 834 2578 ssobn
858 2534 992 2597 qnoqne
1015 2534 1100 2577 nsns
1122 2519 1180 2590 est,
1204 2528 1224 2574 s
1248 2511 1396 2577 litteram
1420 2511 1540 2578 snbsti-

265 2623 356 2682 tnere
370 2616 562 2681 necessitate
577 2622 709 2681 coactns
723 2638 813 2693 snm,
828 2615 912 2700 qnia
928 2622 1044 2680 notam
1062 2614 1161 2680 ellam
1178 2612 1405 2703 typographia
1421 2622 1539 2681 nostra

264 2742 331 2785 non
347 2718 454 2785 babet.
501 2718 596 2804 qnod
614 2741 693 2784 aero
708 2741 820 2784 menen
837 2724 922 2795 erat,
938 2718 1096 2807 primnm
1120 2718 1250 2784 calami
1270 2740 1401 2783 errores
1415 2717 1544 2784 snstnli

264 2821 318 2888 ln'c
333 2823 404 2889 illic
418 2820 531 2888 oboios
546 2821 667 2902 (aelnti
680 2829 715 2908 p,
740 2839 793 2908 15,
815 2843 857 2886 22
880 2819 913 2886 in
930 2819 1116 2907 Aegypt03
1136 2829 1171 2908 p.
1196 2839 1249 2907 15,
1268 2843 1314 2906 54
1335 2819 1539 2898 secundam

259 2933 295 3012 p.
315 2945 372 3011 37,
390 2946 436 3011 39
458 2923 672 3007 inconnine),
694 2924 834 3010 aliaqne
857 2924 897 2990 id
910 2947 1023 3014 genns
1054 2924 1187 2990 correxi
1207 2922 1328 3004 (aelnti
1342 2931 1378 3010 p.
1399 2945 1456 3009 31,
1475 2945 1540 3008 jo:

265 3027 310 3093 ad
332 3030 353 3111 ᾗ
379 3028 444 3111 16),
466 3027 586 3093 deinde
602 3034 671 3115 pro
687 3027 905 3115 paginarum
937 3049 1166 3113 oersnnmqno
1196 3028 1352 3093 nnmeris
1383 3027 1540 3092 editionis

264 3128 527 3197 Schmidtianae
560 3153 582 3195 a
604 3128 652 3194 M
658 3129 743 3196 end
750 3129 987 3196 elssobnio
1020 3129 1149 3209 allatis,
1172 3129 1374 3217 nbicnmqne
1405 3129 1445 3195 id
1454 3128 1543 3217 steri

258 3235 381 3320 potnit,
404 3232 508 3299 bmns
539 3233 648 3321 ipsins
673 3234 831 3299 editionis
863 3256 1023 3300 nnmeros
1039 3233 1151 3320 posni.
1197 3255 1285 3320 qnae
1307 3234 1377 3320 ipse
1399 3232 1540 3311 inserni,

264 3360 303 3403 ea
326 3337 443 3403 omnia
467 3336 588 3403 litteris
610 3336 785 3403 inclinatis
807 3337 965 3415 distinxi,
986 3373 1030 3382 —
1051 3359 1118 3423 qno
1141 3344 1254 3403 tamen
1286 3360 1353 3403 non
1369 3337 1540 3425 pertinere

265 3460 495 3527 qnaecnmqne
518 3439 573 3506 leis
605 3439 727 3506 litteris
757 3440 794 3506 in
827 3446 1000 3527 apparatn
1033 3440 1147 3505 critico
1169 3438 1408 3525 profernntnr,
1434 3462 1540 3527 neqne

265 3542 414 3608 codicnm
438 3549 537 3608 notas
560 3542 596 3609 in
628 3543 870 3609 commentario
895 3543 1032 3630 passim
1065 3540 1241 3608 adhibitas
1272 3564 1329 3608 nec
1356 3540 1540 3630 Epiphanii

263 3668 330 3711 voc.
355 3644 479 3711 ibidem
503 3644 568 3725 (ad
578 3643 633 3729 §§
652 3649 798 3731 59-42)
821 3643 956 3711 oboinm
974 3653 1040 3732 per
1060 3668 1095 3711 se
1118 3644 1335 3733 intellegitur.

366 3745 496 3828 Restat,
519 3755 559 3814 nt
573 3748 715 3837 gratias
747 3770 853 3837 agam
880 3745 1080 3836 Georgia
1114 3745 1199 3813 Goe
1212 3754 1252 3813 te
1280 3746 1474 3834 professori
1493 3747 1540 3814 le-

264 3851 364 3916 nensi
383 3859 415 3917 et
434 3849 596 3918 lacobo
622 3848 739 3918 Olcse
762 3849 917 3939 conlegae
951 3850 1142 3928 carissimo,
1173 3873 1320 3936 qnornm
1352 3849 1406 3916 bic
1428 3851 1464 3917 in
1487 3875 1540 3917 oo-

265 3952 395 4019 cabnlis
429 3955 517 4042 typis
553 3952 738 4020 Hebraicis
767 3952 996 4020 describendis
1027 3976 1080 4019 me
1116 3954 1254 4020 comiter
1290 3954 1446 4032 admoit,
1484 3954 1526 4020 ill

264 4055 414 4120 codicnm
452 4064 550 4123 notas
580 4057 772 4143 pleniores,
808 4078 897 4143 qnae
936 4054 1034 4142 infra
1065 4055 1315 4143 prosernntnr,
1351 4079 1391 4122 ex
1430 4057 1540 4143 ipsins

263 4158 642 4226 Mendelssobnii
679 4157 958 4226 adnotationibus
989 4159 1220 4246 depromptas,
1256 4156 1538 4225 Alexandra

264 4260 312 4327 M
316 4261 403 4328 end
410 4261 451 4327 el
457 4260 595 4328 ssolcn
619 4285 643 4328 c.
659 4261 691 4348 f.
709 4263 943 4342 intercedente,
966 4285 1095 4329 mecnm
1119 4262 1389 4329 commnnicaoit.

999 4455 1147 4532 metrae!
1169 4453 1486 4531 Kroscbeninnikor.
