3775 5659
796 524 998 631 A

259 734 418 820 abducti;
450 734 602 807 debebat
624 738 716 806 enim
749 737 913 806 militibus
946 736 1106 805 sufficere
1136 733 1268 826 praeda
1299 732 1469 819 (ὠφέλειαι
1495 732 1536 803 cf.

259 842 420 913 Schmidt
443 843 498 928 ,de
520 840 657 929 losephi
681 842 777 908 eloc‘
793 864 825 930 p.
842 845 919 928 531)
943 861 984 907 ea
1000 861 1104 928 quam
1121 838 1304 928 capiebant
1320 861 1362 905 ex
1377 838 1538 906 hostibus

260 947 333 1015 acie
357 946 478 1015 victis‘.
525 956 578 1013 est
601 956 717 1013 autem
739 946 825 1012 haec
848 944 1021 1012 sententia
1043 942 1112 1010 iam
1143 942 1187 1009 ab
1210 942 1359 1031 losepho
1387 964 1459 1009 non
1490 941 1538 1008 in·

261 1050 405 1134 tellecta,
430 1049 600 1116 reddente
622 1048 708 1115 haec
730 1047 786 1133 ita,
809 1049 831 1130 §
852 1065 912 1134 29:
937 1046 1052 1132 νομίζω
1074 1049 1135 1130 γὰρ
1158 1046 1272 1121 αὐτοὺς
1295 1049 1350 1109 καί
1371 1048 1458 1129 παρὰ
1479 1047 1539 1129 τὴν

261 1164 315 1217 τοῦ
338 1156 454 1237 πατρὸς
476 1152 651 1237 προαίρεσιν
674 1154 729 1214 καί
750 1153 836 1236 παρὰ
858 1153 893 1214 τδ
916 1149 986 1214 δέον
1007 1148 1270 1235 ᾐχμαλωτίσθαι,
1295 1151 1354 1233 τὴν
1376 1170 1410 1212 τε
1432 1146 1540 1233 χώραν

262 1259 364 1326 αὐτῶν
387 1257 437 1319 διὰ
461 1259 519 1342 τὴν
542 1257 772 1340 στρατιωτικὴν
803 1254 977 1318 αὐθάδειαν
1009 1253 1234 1335 κεκακῶσθαι,
1268 1255 1323 1316 καὶ
1346 1252 1395 1315 διὰ
1418 1253 1480 1336 τὴν,
1499 1251 1541 1324 εἰς

181 1380 188 1391 ’
263 1360 426 1445 Αἴγυπτον
460 1360 564 1424 αὐτῶν
598 1360 788 1443 μεταγωγὴν
818 1356 943 1442 πολλὴν
974 1355 1130 1439 ὠφέλειαν
1164 1356 1203 1419 ἐκ
1226 1356 1336 1418 τούτου
1360 1363 1424 1431 τοῖς
1447 1375 1540 1437 στρα-

265 1465 388 1540 τιώταις
418 1462 591 1548 γεγονέναι.
640 1483 731 1550 quae
763 1460 953 1528 verborum
980 1456 1211 1527 conformatio
1244 1480 1322 1525 cum
1355 1455 1539 1524 manifesto

264 1580 299 1636 et
321 1566 501 1636 arbitraria
525 1566 569 1634 sit
592 1577 626 1633 et
648 1565 743 1650 falsa,
769 1560 898 1632 corruit
921 1585 998 1631 cum
1015 1585 1056 1631 ea
1072 1561 1175 1630 etiam
1190 1561 1334 1650 Kuiperi
1356 1560 1539 1643 (Mnemos

263 1669 334 1738 XX
357 1693 389 1758 p.
412 1671 507 1758 267):
541 1669 633 1753 ἱκανὴ
661 1671 722 1753 γὰρ
752 1670 793 1753 ἦν
825 1667 846 1751 ἡ
878 1670 963 1752 παρὰ
995 1669 1031 1730 τὸ
1053 1664 1157 1729 πεδίον
1189 1666 1228 1729 ἐκ
1262 1665 1380 1729 τούτων
1410 1662 1479 1746 (vel
1502 1662 1541 1725 ἐκ

264 1774 389 1857 τούτου)
412 1782 477 1848 τοῖς
499 1770 702 1855 στρατιώταις
724 1780 874 1856 γεγονυῖα
897 1769 1046 1853 ὠφέλεια,
1081 1768 1140 1835 ubi
1164 1769 1199 1831 τδ
1221 1767 1326 1831 πεδίον
1359 1789 1439 1835 esse
1470 1766 1542 1833 vult

265 1898 389 1964 agrum
405 1873 622 1960 ludaeorum,
641 1873 698 1962 qui
715 1873 844 1941 scilicet
859 1884 1059 1962 opponatur
1073 1870 1271 1939 hominibus
1287 1870 1389 1959 ipsis:
1405 1869 1542 1937 licuisse

266 1979 429 2047 militibus
453 1978 603 2066 diripere
625 1977 729 2063 illum,
753 2000 825 2044 non
846 1976 986 2044 licuisse
1008 1976 1182 2043 abducere
1204 1974 1279 2041 hos.
1303 1974 1411 2041 miror
1426 1984 1542 2040 autem

267 2083 362 2172 quod
383 2080 524 2170 Kuiper,
548 2081 655 2149 homo
678 2080 763 2149 satis
786 2092 916 2166 acutus
941 2101 1014 2148 non
1035 2078 1122 2146 vidit
1144 2078 1195 2146 sic
1217 2099 1337 2166 regern
1360 2088 1482 2146 contra
1504 2098 1543 2143 se

267 2187 382 2276 ipsum
404 2185 539 2252 dicere:
562 2206 632 2252 una
655 2206 697 2251 ex
719 2195 819 2273 parte
842 2184 898 2252 ille
920 2183 1046 2251 milites
1071 2181 1214 2269 corripit
1237 2181 1332 2270 quod
1355 2184 1414 2266 τὴν
1436 2180 1544 2267 χώραν

266 2289 473 2356 ludaeorum
495 2287 763 2373 devastaverint,
788 2309 831 2354 ex
852 2287 961 2354 altera
984 2289 1019 2349 τὸ
1042 2285 1148 2350 πεδίον
1170 2284 1309 2352 licuisse
1341 2284 1442 2373 diripi
1465 2307 1544 2352 con·

268 2393 375 2460 cedit:
401 2391 499 2481 quasi
522 2392 614 2459 aliud
638 2392 682 2459 sit
704 2392 725 2477 ίγ
749 2392 851 2478 χώρα,
876 2391 969 2459 aliud
984 2393 1020 2455 τὸ
1035 2390 1150 2454 πεδίον.
1198 2411 1288 2477 quae
1304 2411 1381 2456 cum
1403 2388 1450 2456 ita
1466 2388 1543 2472 sint,

267 2496 405 2584 videtur
427 2507 561 2563 restare
583 2518 652 2563 una
675 2495 804 2564 Naberi
827 2495 915 2563 ratio
948 2498 1015 2583 (ap.
1039 2493 1231 2581 Kuiperum
1253 2516 1285 2582 p.
1307 2493 1379 2578 268,
1406 2496 1438 2575 1)
1460 2496 1545 2577 παρὰ

269 2603 304 2663 τὸ
327 2600 432 2665 πεδίον
453 2601 563 2667 verba
584 2599 708 2667 leniter
731 2599 895 2667 mutantis
927 2598 963 2665 in
985 2601 1070 2683 παρὰ
1099 2601 1152 2662 τὸν
1183 2596 1321 2683 πόλεμον
1343 2598 1441 2680 (παρὰ
1463 2595 1544 2659 πόδα

270 2702 465 2770 coniecerat
487 2701 669 2789 Schmidt).
716 2714 820 2791 atque
843 2702 919 2790 ipse
951 2722 1092 2789 quoque
1114 2699 1237 2767 eadem
1269 2699 1440 2766 sententia
1461 2701 1546 2782 παρὰ

269 2809 304 2869 ιδ
327 2806 477 2890 πολεμεῖν
508 2804 644 2893 pridem
676 2804 903 2873 coniecerarn.
958 2815 1083 2892 postca
1113 2813 1229 2870 autem
1256 2801 1415 2869 dubitare
1446 2799 1546 2889 coepi

270 2909 314 2975 de
336 2908 491 2976 mutandi
514 2908 721 2976 necessitate
743 2907 847 2976 omni.
891 2918 929 2974 ut
944 2907 1036 2975 enim
1049 2906 1171 2974 Latine
1193 2906 1358 2994 ,campus‘
1374 2904 1546 2972 interdum

269 3013 410 3102 ponitur
432 3036 498 3101 pro
521 3013 600 3080 loco
622 3035 761 3103 pugnae
783 3014 828 3096 (v.
847 3012 970 3102 Veget.
994 3012 1036 3079 ΠΙ
1061 3034 1098 3100 17
1123 3034 1156 3099 p.
1182 3033 1252 3096 101,
1276 3033 1316 3077 21
1342 3009 1394 3077 ed.
1418 3009 1546 3096 Lang:

271 3138 361 3203 ,nam
385 3115 476 3183 circa
497 3115 631 3184 medias
652 3129 771 3204 partes
794 3115 905 3205 campi
929 3138 973 3183 ex
987 3115 1161 3203 peditibus
1177 3115 1268 3182 bene
1282 3113 1424 3181 armatis
1440 3112 1548 3180 debes

271 3221 402 3288 habere
428 3218 656 3306 lectissimos,
688 3218 850 3310 11125p.
877 3220 947 3305 118,
972 3238 1010 3307 4:
1035 3218 1141 3307 ,prior
1164 3240 1249 3306 ergo
1272 3217 1316 3284 de
1339 3216 1449 3284 caesis
1471 3217 1550 3283 hos-

271 3324 364 3391 tibus
386 3323 498 3414 spolia
532 3320 653 3412 capiat,
687 3323 783 3411 quod
805 3322 872 3413 ipsi
895 3322 1023 3407 dicunt,
1056 3320 1195 3409 colligat
1218 3325 1412 3409 campum‘),
1445 3319 1492 3387 ita
1514 3318 1548 3385 in

271 3428 338 3495 hac
361 3426 561 3495 Graecitate
583 3427 689 3492 πεδίον
712 3425 869 3495 similiter
890 3426 1004 3515 potuit
1026 3423 1195 3513 usurpari.
1241 3434 1346 3512 atque
1370 3423 1443 3490 eius
1465 3444 1549 3490 usus

273 3552 389 3615 unum,
413 3530 449 3597 ni
472 3530 580 3614 fallor,
604 3553 729 3598 revera
751 3541 846 3598 extat
869 3529 1075 3618 exemplum.
1121 3528 1163 3595 in*
1179 3527 1252 3595 lobi
1286 3526 1377 3594 enim
1410 3549 1483 3614 cap.
1506 3546 1550 3613 39

273 3654 324 3702 vs.
348 3653 387 3700 21
414 3655 491 3701 cum
514 3632 689 3701 Hebraica
711 3634 820 3701 verba
842 3633 933 3700 hunc
956 3632 1109 3700 habeant
1124 3652 1265 3699 sensum
1288 3633 1334 3713 (ν.
1350 3628 1547 3696 Dillmann⁴

274 3735 318 3802 ad
340 3736 393 3820 l.):
417 3740 555 3825 (equus)
579 3735 624 3823 ,in
647 3736 805 3803 convalle
827 3736 977 3825 pedibus
1000 3747 1128 3802 terram
1152 3733 1238 3802 sodit
1272 3744 1306 3800 et
1337 3732 1467 3821 gaudet
1489 3731 1551 3816 (in)

275 3839 404 3906 robore
427 3841 430 3926 l
455 3841 525 3909 exit
546 3841 715 3908 adversus
750 3841 1008 3924 arma(turam)‘,
1043 3837 1142 3907 LXX
1165 3837 1372 3925 interpretes
1393 3846 1550 3902 vertunt:

276 3941 453 4024 ἀνορίισσων
486 3945 519 4007 ἐν
550 3944 645 4029 πεδίῳ
677 3954 803 4030 γαυριᾷ,
840 3944 1076 4028 ίέκπορεύεται
1108 3944 1142 4006 δὲ
1177 3944 1218 4018 εἰς
1250 3940 1354 4006 πεδίον
1388 3941 1420 4004 ἐν
1454 3940 1550 4024 ἰσχύι,

277 4055 316 4112 ut
336 4043 434 4132 prius
456 4046 559 4110 πεδίον
582 4070 625 4114 ex
642 4046 893 4116 consuetudine
908 4046 954 4126 sit
968 4044 1121 4134 positum
1143 4047 1221 4133 (pro
1236 4043 1413 4112 Hebraico
1434 4046 1551 4131 purga),

276 4147 421 4215 alterum
445 4148 587 4217 omnino
602 4150 792 4218 insolenter
806 4153 884 4238 (pro
900 4149 1094 4218 Hebraico:
1118 4146 1340 4241 ρμίρπκπρῑγ).
1388 4149 1552 4231 [ceterum

277 4253 361 4342 &²³32
385 4252 418 4315 ἐν
441 4251 539 4336 ἰσχύι,
563 4250 663 4321 LXX
678 4253 886 4342 interpretes
902 4251 989 4321 salso
1007 4253 1157 4320 adhunc
1173 4251 1322 4318 stichum
1337 4249 1551 4332 rettulerunt,

277 4375 349 4420 non
371 4353 416 4421 ad
437 4354 726 4442 praecedenteml.
771 4355 825 4424 his
849 4356 893 4423 de
916 4355 1030 4423 causis
1052 4354 1221 4422 suaserim
1244 4355 1382 4437 πεπαρὰ
1397 4355 1432 4415 τὸ
1449 4351 1554 4415 πεδίον

278 4458 387 4524 verba
409 4468 444 4524 et
466 4468 649 4524 teneantur
663 4459 756 4544 apud
774 4459 951 4526 Aristeam
969 4470 1003 4526 et
1017 4468 1215 4525 vertantur:
1240 4455 1285 4540 ‚in
1300 4455 1378 4522 loco
1394 4455 1552 4542 pugnae‘,

279 4558 324 4643 ,in
348 4562 491 4649 campo‘.

382 4683 420 4750 p.
452 4662 490 4748 5,
522 4663 581 4732 27.
635 4664 681 4727 διὸ
710 4702 754 4711 -
785 4664 1037 4729 καταδυναστεία
1068 4663 1177 4730 verba
1204 4661 1294 4730 male
1324 4661 1397 4728 lere
1427 4660 1555 4727 intelle

278 4775 407 4850 guntur
430 4764 474 4832 de
496 4765 655 4833 abductis
677 4776 750 4833 tum
773 4766 973 4834 hominibus
1003 4766 1109 4854 tuuia
1140 4788 1225 4834 vero
1259 4765 1419 4833 homines
1451 4763 1555 4830 etiam

279 4867 344 4956 ipsi
377 4878 457 4934 sunt
488 4868 613 4955 captivi
646 4868 795 4954 abducti,
828 4868 894 4935 hoc
927 4879 980 4935 est
1011 4868 1154 4935 omnino
1186 4866 1352 4955 iniquum‘
1385 4864 1554 4948 Garbitz).
