3775 5659
866 529 908 594 43

243 738 326 806 dum
351 749 413 825 est,
438 738 537 806 sicuti
561 737 650 805 alibi.
697 736 774 825 ipsa
789 737 810 822 ἡ
827 740 896 822 περὶ
918 739 977 822 τὴν
995 738 1098 822 αὐλὴν
1112 738 1213 814 πίστις
1228 738 1385 805 iunctura
1401 749 1520 806 extare

243 841 323 909 alibi
339 864 411 909 non
426 841 582 922 videtur;
607 863 818 930 quamquam
834 863 876 907 ex
891 840 1125 908 locutionibus
1140 840 1298 929 cognatis
1314 842 1358 923 (v.
1375 840 1418 908 A.
1435 840 1520 929 Pey-

242 968 308 1013 ron
330 969 409 1034 pap.
433 944 573 1014 Taurin.
597 945 611 1012 l
634 967 666 1034 p.
689 947 733 1013 82
748 967 810 1033 sq.‚
827 945 1025 1013 Lumbroso
1048 953 1108 1030 ,ἑο
1125 945 1204 1033 pol‘
1220 967 1253 1033 p.
1272 965 1351 1034 1953
1373 968 1438 1012 2οο
1452 948 1519 1033 sq.)

245 1047 343 1116 facile
366 1047 563 1116 divinamus
586 1048 766 1137 originem,
798 1047 894 1115 velut
916 1048 1076 1116 dicuntur
1107 1048 1135 1113 oi
1158 1051 1228 1132 περί
1249 1051 1308 1134 τὴν
1329 1048 1432 1134 αὐλὴν
1456 1047 1519 1110 δισί-

242 1152 344 1237 δοχοι,
369 1152 600 1239 ἀρχυπηρέται,
625 1151 777 1237 ἡγεμόνες
793 1155 848 1216 καί
863 1162 1052 1237 στρατιῶται
1075 1150 1209 1239 (Polyb.
1225 1151 1317 1237 XVI,
1340 1174 1392 1236 21,
1415 1150 1518 1235 BH),

244 1256 284 1318 τιὶ
306 1257 376 1340 περί
408 1258 466 1340 τήν
488 1256 590 1341 αὐλὴν
614 1257 774 1340 ρυλακεῖα
805 1255 862 1339 (ib.
894 1255 972 1341 XV,
996 1274 1047 1341 25,
1083 1256 1135 1342 17)
1166 1253 1241 1322 sim.
1293 1254 1460 1343 proxime,
1485 1254 1520 1321 ni

243 1356 351 1443 fallor,
384 1359 429 1426 ad
463 1359 556 1426 hunc
586 1359 700 1427 locum
732 1358 866 1427 accedit
896 1358 910 1425 l
941 1357 1048 1425 Mace.
1083 1379 1132 1442 10,
1164 1378 1205 1445 37
1237 1358 1295 1425 ubi
1319 1356 1520 1428 Demetrius

242 1459 377 1530 ludaeis
400 1462 487 1530 haec
509 1462 697 1550 promittit:
722 1464 777 1527 καὶ
799 1460 1088 1546 κατασταθήσεται
1104 1460 1137 1539 ἐξ
1151 1463 1256 1526 αὐτῶν
1272 1462 1305 1526 ἐν
1320 1472 1384 1538 τοῖς
1399 1461 1519 1547 ὀχυρώ-

243 1586 335 1650 μασιν
358 1574 415 1629 τοῠ
436 1564 590 1653 βασιλέως
612 1576 677 1643 τοῖς
699 1565 859 1652 μεγάλοις,
885 1566 940 1628 καὶ
963 1565 1001 1629 ἐκ
1023 1564 1141 1629 τούτων
1160 1565 1447 1650 κατασταθὴσεται
1469 1564 1522 1629 ἐπί

242 1676 355 1752 χρειῶν
378 1678 435 1753 τῆς
458 1667 617 1755 βασιλείας
640 1676 701 1732 τῶν
724 1669 826 1733 οὐσῶν
849 1669 892 1744 εἰς
915 1666 1029 1731 πίστιν.
1079 1689 1149 1755 quo
1182 1667 1260 1736 loco
1293 1666 1384 1735 redit
1416 1667 1520 1736 etiam

243 1772 295 1835 ἐπὶ
316 1781 430 1858 χρειῶν
453 1772 648 1837 καθιστάναι
671 1771 800 1839 locutio
823 1769 1011 1839 sollemnis
1066 1792 1171 1858 quam
1203 1770 1328 1838 mirum
1360 1793 1444 1838 sane
1467 1783 1521 1839 est

244 1874 339 1961 quod
362 1876 422 1964 qui
446 1877 490 1943 de
511 1876 651 1943 duobus
673 1874 748 1942 aliis
770 1873 933 1942 Aristeae
970 1872 1065 1958 locis,
1100 1896 1133 1961 p.
1164 1894 1216 1962 34,
1240 1894 1279 1961 43
1311 1896 1363 1963 43,
1395 1894 1438 1962 23
1469 1875 1518 1943 ed.

242 1976 420 2064 δαίνυνταί,
443 1979 502 2047 ubi
525 1978 553 2042 οἱ
576 1980 627 2042 ἐπὶ
649 1988 711 2042 τῶν
730 1986 844 2063 χρειῶν
860 1987 980 2045 extant
1001 1987 1096 2044 recte
1112 1975 1301 2065 disputavit
1323 1977 1367 2046 A.
1383 1978 1520 2065 Peyron

242 2081 334 2169 (pap.
358 2081 463 2149 Taur.
487 2081 500 2149 Ι
523 2105 555 2171 p.
582 2085 656 2169 105)
679 2081 710 2148 h.
736 2080 756 2148 l.
779 2103 851 2148 non
881 2079 1035 2168 agnovit,
1057 2091 1095 2147 ut
1124 2077 1286 2148 Schmidt
1315 2082 1455 2150 demum
1476 2122 1521 2132 -

242 2206 323 2252 nam
353 2184 527 2273 ignoravit
548 2203 762 2273 anonymum
785 2182 1013 2251 Bodleianum
1036 2206 1058 2251 a
1078 2183 1322 2252 Lumbrosone
1344 2195 1408 2252 act.
1439 2185 1518 2253 min.

241 2286 382 2356 Taurin.
399 2288 445 2356 IV
462 2290 546 2376 1869
559 2311 592 2376 p.
615 2305 680 2375 554
702 2297 916 2376 protractum
930 2326 975 2335 -
990 2286 1154 2372 ἐπιχειρυν
1169 2288 1326 2356 codicum
1349 2291 1427 2377 (pro
1450 2311 1520 2377 quo

242 2391 405 2476 ἐπικρίνων
428 2392 637 2478 [κατέστησα]
659 2389 830 2458 Eusebius
847 2411 889 2458 ex
905 2389 1105 2458 coniectura
1120 2389 1313 2476 arbitraria)
1337 2392 1522 2460 mutaverit

241 2494 277 2562 in
300 2496 353 2559 ἐπὶ
373 2504 500 2581 χρειῶν.
547 2495 640 2564 idem
664 2492 825 2563 Schmidt
856 2504 951 2561 recte
982 2493 1240 2563 commendavit
1270 2496 1522 2581 καθεστάκαμεν

241 2619 307 2686 pro
330 2599 576 2686 κατεστάκαμεν
598 2601 642 2682 (v.
668 2599 712 2666 ad
735 2601 756 2683 §
780 2601 841 2687 19),
866 2597 1024 2667 scribens
1038 2609 1156 2666 tamen
1171 2597 1247 2687 ipse
1262 2599 1519 2685 κατεστήσαμεν,

243 2724 285 2770 ex
307 2701 343 2772 B
363 2714 402 2772 ut
424 2702 571 2772 videtur.

874 2906 939 2990 31.

342 3067 381 3135 p.
406 3046 443 3132 9,
467 3044 492 3113 6
516 3065 578 3135 sq.
623 2904 867 3132 βουλομένωνὲδ
888 3045 978 3130 ἡμῶν
999 3085 1042 3093 -
1064 3046 1285 3132 προῃρήμεθα]
1309 3048 1520 3116 constructio

123 3138 126 3144 ’
241 3147 384 3236 papyris
406 3147 509 3236 plane
525 3148 638 3235 digna,
657 3147 697 3215 cf.
713 3169 791 3235 pap.
809 3146 896 3214 Mus
914 3146 997 3214 Brit.
1013 3170 1045 3236 p.
1062 3170 1092 3235 7,
1109 3167 1147 3236 4:
1171 3149 1260 3235 ἡμῶν
1275 3151 1520 3234 θεραπευουσῶν

240 3252 318 3336 ὑπὲρ
341 3261 395 3315 τοῦ
418 3250 570 3338 βασιλέως
592 3250 748 3336 ἀξιοῦμεν,
775 3273 852 3339 pap.
877 3249 985 3317 Paris
1009 3274 1042 3339 p.
1065 3273 1138 3338 209,
1162 3270 1201 3340 7:
1226 3252 1438 3332 θυσιάσαντός
1462 3250 1520 3340 μου

242 3354 407 3419 κατέλυσα
430 3352 471 3421 al.

344 3477 382 3546 p.
408 3455 445 3541 9,
469 3455 502 3523 7.
548 3455 583 3523 in
615 3456 746 3540 τούτοις,
781 3456 801 3524 i.
827 3480 854 3524 e.
879 3455 1014 3524 ludaeis
1037 3455 1223 3545 Aegyptiis
1256 3479 1277 3524 a
1307 3480 1391 3545 rege
1414 3459 1520 3526 modo

242 3558 414 3645 liberatis,
460 3582 520 3627 cur
551 3559 739 3628 offenderit
769 3558 930 3630 Schmidt
961 3582 1107 3648 prorsus
1138 3582 1210 3628 non
1241 3559 1414 3649 intellego.
1473 3583 1521 3625 σοι

243 3662 333 3731 male
355 3662 536 3731 Eusebius.

821 3845 847 3957 ς
874 3849 938 3933 32.

343 4010 382 4078 p.
408 3989 446 4074 9,
469 3989 522 4057 12.
568 3991 675 4068 καλῶς
705 3990 780 4076 οὐνξ
790 3989 932 4074 ποιήσεις
954 4028 997 4037 -
1019 3989 1249 4076 ἐπιλεξάμενος]
1283 3990 1390 4065 καλῶς
1421 4000 1520 4054 ποιεῖν

241 4115 320 4164 cum
335 4090 517 4181 participio
533 4091 686 4160 iunctum
703 4114 780 4160 cum
797 4090 1115 4180 frequentissimum
1131 4091 1176 4159 sit
1191 4094 1235 4175 (ν.
1254 4115 1281 4159 e.
1297 4115 1330 4180 g.
1348 4092 1521 4160 Freuden·

241 4196 312 4264 thal
335 4195 422 4282 ,hell
447 4194 510 4264 St‘
534 4195 562 4262 ll
583 4219 616 4285 p.
632 4200 718 4282 210),
742 4196 856 4283 ipsum
879 4195 911 4263 h.
935 4195 956 4263 l.
980 4194 1198 4284 participium
1221 4194 1358 4263 mediali
1374 4216 1419 4261 an
1442 4216 1520 4262 cum

242 4297 394 4367 Eusebio
418 4298 530 4367 activa
552 4299 664 4366 forma
687 4298 813 4366 efferas
835 4297 920 4367 nihil
934 4298 1060 4366 refert:
1085 4308 1179 4365 extat
1194 4297 1417 4382 ἐπελεξάμεθα
1433 4296 1521 4364 infra

241 4400 268 4487 §
281 4404 329 4488 58
342 4424 374 4490 p.
396 4425 444 4489 10,
462 4403 514 4487 26,
539 4412 660 4469 contra
675 4401 819 4480 ἐπιλέξας
841 4424 874 4490 p.
898 4419 950 4490 35,
974 4424 1017 4470 22
1040 4412 1074 4468 et
1096 4424 1128 4489 p.
1152 4422 1204 4489 43,
1231 4402 1271 4468 16
1285 4399 1334 4468 ed.
1351 4399 1520 4468 Schmidt.

874 4625 938 4711 33.

342 4787 381 4855 p.
406 4766 522 4851 9,18.
569 4769 621 4830 τὸν
639 4623 975 4850 ἀρχισυματῗφύλακα
1005 4788 1049 4834 an
1080 4775 1142 4832 τῶν
1171 4766 1338 4851 -ιρυλάκιυν
1367 4777 1521 4855 praestet

240 4868 379 4938 difficile
402 4868 504 4937 dictu.
549 4889 762 4958 quamquam
786 4866 879 4936 enim
902 4867 1042 4957 scripsit
1062 4868 1222 4938 Aristeas
1254 4880 1367 4937 aetate
1399 4892 1441 4937 ea
1462 4869 1521 4937 ubi
