3775 5659
992 509 1032 573 14
1113 509 1116 516 “

383 711 593 800 positionem
609 713 723 797 illam).
767 715 815 782 ita
830 727 946 783 autem
961 716 994 782 h.
1010 716 1030 783 l.
1048 718 1119 801 παρ’
1136 719 1258 780 ἕκαστα
1274 739 1346 784 non
1361 727 1414 784 est
1430 716 1659 805 ,singillatim‘,

384 815 448 882 sed
478 827 516 883 ut
550 826 627 905 <p.
651 817 705 895 60,
729 840 752 903 3
784 817 833 884 ad.
866 816 1024 893 Sciam>
1057 818 1164 904 ,omni
1196 820 1373 906 tempore‘,
1407 818 1561 883 ἑκάστοτε
1592 821 1661 902 (‚en

385 928 481 986 toute
503 919 769 987 circonstance‘:
801 942 833 986 v.
857 920 1034 987 Letronne
1057 920 1203 1005 ,recueil‘
1227 920 1240 987 Ι
1263 942 1295 1009 p.
1318 923 1391 1009 369,
1415 924 1457 1004 2).
1480 921 1660 1009 —paullo

385 1021 564 1111 abruptius
579 1023 798 1112 participium
816 1024 898 1091 illud
912 1024 1203 1112 praecedentibus
1218 1023 1335 1091 verbis
1351 1024 1488 1091 adnecti
1505 1024 1661 1091 concedo

383 1165 427 1173 -
457 1125 688 1214 praestitisset
723 1126 843 1215 utique
880 1128 1095 1195 enuntiatum
1131 1129 1272 1217 plenum
1312 1168 1372 1214 —,
1410 1127 1474 1195 sed
1510 1127 1591 1195 talia
1627 1126 1662 1194 in

384 1227 526 1296 Aristea
547 1229 719 1317 patienter
743 1230 886 1298 ferenda
909 1242 999 1298 sunt.

487 1353 525 1421 p.
544 1332 573 1418 l,
597 1332 634 1401 8.
679 1334 894 1419 πεπειραμὲνιμ
910 1332 1080 1420 Schmidt,
1103 1334 1196 1401 haud
1212 1346 1324 1402 recte:
1349 1333 1473 1401 dicitur
1488 1355 1661 1402 summum

385 1435 535 1504 hominis
558 1436 689 1503 bonum
712 1436 893 1505 addiscere
916 1459 1056 1525 semper
1078 1437 1207 1526 aliquid
1240 1449 1274 1505 et
1296 1437 1490 1521 adsumere,
1523 1437 1596 1506 sive
1619 1461 1662 1505 ex

385 1538 539 1607 historiis
567 1539 642 1607 sive
673 1540 717 1607 ab
741 1539 792 1607 eis
815 1538 873 1628 qui
896 1539 962 1627 ipsi
985 1539 1020 1607 in
1043 1541 1186 1629 negotio
1209 1540 1325 1630 aliquo
1349 1562 1428 1609 cum
1451 1541 1663 1628 experientia

385 1640 511 1708 fuerint
532 1641 671 1710 versati.

486 1766 524 1834 p.
540 1745 569 1830 l,
593 1745 631 1813 9.
676 1747 807 1830 καθαρὰ
829 1746 970 1823 διάθεσις
993 1747 1076 1830 κτὲ.]
1102 1747 1309 1815 sententiam
1333 1758 1428 1836 patet
1451 1769 1530 1815 esse
1551 1748 1661 1815 hanc:

385 1848 520 1915 ratione
541 1848 598 1916 illa
621 1851 727 1932 (οὕτω,
752 1848 784 1916 h.
809 1872 837 1916 e.
861 1849 1012 1939 legendo
1043 1850 1099 1916 vel
1121 1850 1295 1917 audiendo
1327 1851 1459 1938 optima
1491 1854 1663 1939 quaeque)

384 1951 499 2039 parari
521 1974 646 2039 purum
669 1953 795 2020 mentis
817 1953 982 2039 habitum,
1007 1965 1112 2042 atque
1135 1965 1288 2021 mentem
1311 1976 1388 2021 eam
1420 1976 1510 2043 quae
1532 1954 1664 2042 optima

384 2054 560 2122 imbiberit
575 2077 687 2145 eoque
702 2056 842 2124 inclinet
857 2057 901 2123 ad
915 2056 1091 2145 pietatem,
1108 2079 1184 2125 rem
1198 2057 1304 2145 longe
1318 2057 1662 2145 praestantissimam,

357 2235 362 2248 Β
384 2181 491 2246 posse
514 2159 579 2226 hac
602 2158 701 2247 quasi
723 2181 848 2226 norma
869 2159 988 2227 nixam
1010 2181 1134 2248 regere
1157 2160 1383 2230 voluntatem.
1406 2158 1555 2226 dilucida
1577 2159 1664 2226 haec

386 2273 448 2347 est,
471 2272 509 2329 ut
524 2261 603 2347 dixi,
627 2262 818 2343 sententia;
841 2263 905 2331 sed
921 2265 1116 2331 membrum
1132 2263 1215 2331 illud
1231 2264 1432 2350 ἀναλαβοῦσα
1449 2266 1489 2327 τὰ
1504 2262 1664 2328 κάλλιστα

386 2365 455 2429 κτὲ.
481 2377 598 2453 potest
620 2366 730 2434 videri
752 2389 845 2435 nunc
866 2389 938 2435 non
961 2390 1132 2435 conexum
1148 2391 1224 2435 cum
1242 2367 1369 2456 priore.
1408 2365 1663 2455 expectaverim

384 2470 405 2556 ἤ
429 2491 473 2545 τις
495 2469 698 2558 ἀναλαβοῦσα
721 2470 777 2537 vel
801 2469 904 2538 etiam
928 2471 1130 2560 &intrudebant
1146 2483 1260 2547 <τε>
1284 2474 1325 2535 τὰ
1348 2494 1380 2535 κ.
1406 2468 1550 2558 Kuiperi
1573 2467 1662 2535 ratio

386 2572 514 2636 διοικεῖν
530 2572 732 2640 conicientis
747 2572 830 2640 mihi
845 2573 965 2662 utique
981 2572 1148 2662 displicet.
1194 2585 1347 2641 ceterum
1363 2571 1546 2642 Schmidtii
1563 2571 1664 2638 inter·

385 2675 526 2763 punctio
548 2675 726 2761 hocloco,
749 2686 788 2743 ut
810 2677 926 2744 multis
949 2677 1033 2763 aliis,
1058 2677 1161 2765 plane
1182 2699 1350 2765 perversa
1373 2688 1435 2744 est.

973 2934 1071 3037 §Z

489 3110 527 3179 p.
551 3088 656 3176 t,12.
710 3090 837 3176 ἔχοντες
867 3129 910 3137 -
942 3091 1130 3173 κατανοεῖν].
1184 3088 1423 3157 traiectionem
1454 3089 1663 3177 proclivem:

387 3195 515 3280 ἔχοντες
546 3194 637 3279 ἡμεῖς
666 3193 833 3278 περιέργως
864 3216 885 3260 a
915 3192 1070 3281 Kuipero
1104 3193 1218 3261 denuo
1254 3192 1532 3260 commendatam
1564 3192 1597 3277 (l.
1630 3193 1662 3259 d.

386 3318 418 3384 p.
441 3298 518 3384 264)
541 3308 636 3364 recte
658 3295 726 3363 iam
749 3294 909 3365 Schmidt
930 3295 1142 3384 improbavit
1165 3298 1211 3385 (p.
1233 3299 1298 3383 71).
1345 3318 1557 3385 quamquam
1580 3298 1665 3381 ἔχειν

387 3403 462 3484 πρός
484 3402 519 3463 τὸ
542 3422 613 3468 non
636 3409 698 3486 est,
722 3410 761 3467 ut
782 3399 855 3467 vult
877 3399 942 3484 ille,
975 3398 1148 3483 πεφυκέναι
1180 3401 1254 3483 πρὸς
1276 3401 1325 3482 τὸ,
1361 3399 1424 3467 sed
1447 3409 1665 3487 ,occupatum

388 3503 486 3588 esse‘,
520 3503 682 3588 ,animum
713 3503 883 3571 intentum
917 3503 1069 3571 habere‘.
1115 3502 1191 3590 ipsa
1221 3502 1435 3591 praepositio
1470 3525 1547 3570 cum
1579 3504 1665 3586 ἔχειν

388 3605 503 3674 iuncta
525 3629 608 3674 num
631 3606 698 3675 alia
730 3606 889 3694 exempla
919 3608 1048 3674 habeat
1069 3607 1213 3694 ignoro:
1247 3608 1333 3692 ἔχειν
1365 3609 1444 3692 ἀμφὶ
1473 3615 1507 3673 et
1537 3604 1607 3689 περί
1637 3627 1665 3668 ιι

387 3720 442 3776 sat
464 3720 585 3776 notum
609 3722 663 3778 est
685 3712 730 3794 (v.
753 3709 875 3798 Steph.
900 3710 1006 3777 Thes.
1030 3710 1073 3778 Ill
1095 3733 1127 3798 p.
1151 3711 1246 3795 2621,
1269 3708 1415 3778 Schmid
1438 3707 1665 3793 ,Atticismus‘
1771 3767 1774 3772 ,

387 3812 430 3880 Ill
451 3836 484 3901 p.
511 3818 593 3901 127).
617 3853 660 3861 —
682 3813 750 3881 iarn
773 3813 873 3881 vides
896 3824 991 3880 recte
1013 3834 1053 3880 se
1074 3813 1205 3880 habere
1221 3811 1358 3879 omnia:
1383 3812 1551 3897 περιέργως
1567 3832 1666 3875 κατα-

388 3928 467 3981 νοεῖν
489 3916 592 4005 plane
616 3917 700 3984 dixit
722 3929 760 3984 ut
782 3911 867 3984 dixit
890 3916 987 3984 Philo
1005 3916 1114 3983 mech.
1132 3926 1222 4003 synt.
1239 3914 1296 3999 IV,
1319 3916 1371 4000 68,
1394 3937 1416 3982 2
1433 3914 1485 3981 ed.
1501 3912 1667 3982 Schoene

388 4020 555 4105 περιέργως
578 4020 775 4106 τεθεαμένοι.
822 4018 1006 4107 profitetur
1029 4018 1132 4106 igitur
1162 4015 1323 4084 Aristeas
1355 4038 1394 4084 se
1417 4017 1566 4084 libenter
1588 4037 1667 4084 sese

389 4123 557 4192 obtulisse
578 4123 740 4212 legatum,
773 4134 810 4192 ut
833 4122 891 4212 qui
914 4122 1050 4211 pridem
1081 4120 1281 4209 llagraverit
1312 4120 1428 4188 studio
1452 4141 1508 4187 res
1531 4118 1666 4186 divinas

389 4227 581 4296 accuratius
605 4226 839 4316 cognoscendi
860 4230 914 4309 (τὰ
936 4229 1013 4291 θεῖα
1044 4226 1076 4293 h.
1101 4226 1121 4292 l.
1144 4224 1307 4294 universe
1339 4225 1468 4293 dictum
1499 4234 1562 4309 est,
1595 4246 1667 4290 non

388 4330 476 4399 sicut
498 4330 582 4398 alias
606 4331 650 4398 de
671 4331 750 4419 lege
772 4330 950 4415 Mosaica).

490 4456 529 4524 p.
552 4433 581 4520 l,
613 4434 668 4502 13.
722 4435 853 4511 ἑαυτοὺς
886 4432 1094 4517 ἐπεδώκαμεν
1131 4429 1368 4518 (προεδὼκαμεν
1405 4429 1495 4497 male
1531 4429 1586 4513 Lll
1626 4428 1665 4496 cl.

388 4558 467 4626 pap.
491 4536 598 4605 Paris
621 4560 654 4625 p.
678 4556 755 4626 319:
780 4536 968 4622 πεπείραμαι
992 4538 1035 4612 εἰς
1057 4546 1118 4600 πᾶν
1143 4538 1178 4599 τό
1202 4557 1249 4599 σοι
1272 4535 1427 4621 χρήσιμον
1442 4533 1578 4618 ἐμαυτὸν
1601 4534 1666 4596 ἐπι-

388 4641 515 4725 διδόναι,
540 4662 572 4729 p.
596 4642 678 4728 368:
702 4642 870 4726 προθύμως
886 4641 1017 4716 ἑαυτοὺς
1035 4641 1244 4723 ἐπιδιδόντων,
1263 4641 1365 4708 inser.
1383 4638 1510 4726 Ephes.
1534 4637 1666 4705 Ditten-

390 4744 516 4833 berger
538 4743 612 4830 syll.
636 4761 708 4831 253,
734 4761 792 4830 14:
816 4744 1018 4829 ὁμοθυμαδὸν
1040 4743 1166 4808 πάντων
1190 4752 1250 4806 τῶν
1273 4742 1410 4807 πολιτῶν
1433 4740 1666 4805 ἐπιδεδωκότων

389 4847 519 4923 ἑαυτοὺς
542 4849 584 4923 εἰς
607 4850 677 4924 τοὺς
699 4849 769 4931 περὶ
784 4847 902 4911 τούτων
917 4848 1052 4932 ἀγῶνας,
1076 4884 1120 4893 -
1140 4844 1307 4932 πρεσβείαν
1322 4855 1438 4913 autem
1454 4845 1666 4911 abstractum
