3775 5659
719 999 786 1053 11

727 1720 800 1773 12

728 2339 800 2393 13

727 2958 801 3011 14

731 3885 802 3941 15

1925 475 1965 537 4

842 677 1011 744 ἀλλὰ
1055 676 1270 765 τελείᾳ
1314 679 1424 744 καὶ
1468 678 1740 765 πλουσίᾳ
1801 678 1981 764 ψυχῇ
2051 678 2370 743 ἀπόλυσον
2415 678 2555 755 τοὺς
2601 670 3052 764 συνεχομένους

843 784 910 847 ἐν
956 782 1424 868 ταλαιπωρίαις,
1494 782 1995 859 κατευθύνοντος
2056 804 2168 847 σου
2232 786 2349 867 τὴν
2411 781 2733 868 βασιλείαν
2796 791 2905 845 τοῦ
2950 801 3051 843 τε·

847 886 1140 963 θεικότος
1212 888 1423 964 αὐτοῖς
1510 887 1665 950 θεοῦ
1752 889 1859 951 τὸν
1934 885 2140 970 νόμον,
2235 885 2459 960 καθὼς
2544 883 3046 968 περιείργασμαι·

842 993 948 1053 τὸν
991 993 1114 1074 γὰρ
1159 990 1410 1054 πάντων
1471 989 1755 1074 ἐπόπτην
1818 991 1929 1052 καὶ
1990 988 2256 1074 κτίστην
2318 990 2469 1052 θεὸν
2531 991 2700 1052 οὗτοι
2765 986 3048 1074 σέβονται

849 1094 917 1157 ὃν
962 1096 1072 1157 καὶ
1132 1093 1388 1176 πάντες,
1454 1092 1636 1177 ἡμεῖς
1699 1091 1792 1175 δέ,
1860 1092 2144 1178 βασιλεῦ,
2195 1092 2766 1177 προσονομάζοντες
2810 1091 3051 1175 ἐτύμως
3142 1096 3177 1154 5
3219 1126 3274 1177 p.
3304 1108 3369 1159 16
3408 1108 3462 1162 S.

844 1196 1019 1280 Ζῆνα
1065 1199 1175 1260 καὶ
1221 1195 1361 1261 Δία·
1453 1200 1615 1261 οὕτω
1678 1194 1731 1258 δ’
1774 1197 1892 1259 οὐκ
1955 1196 2276 1271 ἀνοικείως
2335 1194 2394 1259 οἱ
2459 1204 2688 1279 πρῶτοι
2753 1194 3051 1279 διεσήμα-

845 1321 979 1382 ναν,
1059 1298 1133 1363 δι’
1205 1301 1275 1363 ὃν
1346 1300 1793 1379 ζωοποιοῦνται
1867 1302 1949 1362 τὰ
2022 1300 2228 1364 πάντα
2303 1302 2414 1363 καὶ
2484 1298 2744 1383 γίνεται,
2833 1307 3053 1361 τοῦτον

845 1403 1137 1467 ἁπάντων
1197 1403 1505 1489 ἡγεῖσθαί
1568 1425 1637 1468 τε
1705 1406 1816 1467 καὶ
1876 1403 2209 1487 κυριεύειν.
2338 1404 2705 1488 ὑπερηρκὼς
2765 1402 2833 1465 δὲ
2899 1401 3052 1486 σύμ-

845 1527 1084 1583 παντας
1157 1506 1529 1591 ἀνθρώπους
1599 1516 1678 1591 τῇ
1755 1506 2153 1593 λαμπρότητι
2241 1515 2357 1591 τῆς
2442 1505 2657 1590 ψυχῆς
2746 1505 3053 1569 ἀπόλυσιν

845 1609 1102 1695 ποίησαι
1149 1618 1273 1673 τῶν
1316 1610 1699 1696 ἐνεχομένων
1745 1620 1883 1685 ταῖς
1927 1608 2298 1686 οἰκετείαιξ.
3106 1616 3180 1672 10

1051 1712 1193 1776 οὐδὲ
1256 1713 1453 1777 πολὺν
1514 1712 1737 1798 χρόνον
1798 1714 2122 1799 ἐπισχών,
2190 1716 2300 1777 καὶ
2360 1714 2541 1798 ἡμῶν
2604 1715 2774 1776 κατὰ
2836 1711 3054 1797 ψυχὴν

846 1817 995 1899 πρὸς
1040 1817 1145 1879 τὸν
1191 1817 1344 1879 θεὸν
1391 1816 1745 1901 εὐχομένων
1795 1819 1912 1902 τὴν
1978 1817 2250 1880 διάνοιαν
2313 1818 2504 1880 αὐτοῦ
2569 1815 3054 1881 κατασκευάσαι

846 1922 995 2002 πρὸς
1042 1922 1113 1982 τὸ
1160 1923 1300 1995 τοὺς
1344 1922 1628 1997 ἅπαντας
1674 1921 2082 2005 ἀπολυθῆναι
2146 1920 2410 2004 (κτίσμα
2460 1921 2582 2004 γὰρ
2646 1922 2714 1983 ὂν
2778 1920 2933 1983 θεοῦ
2981 1920 3053 1982 τὸ

844 2022 1022 2106 γένος
1068 2031 1189 2086 τῶν
1235 2023 1581 2107 ἀνθρώπων
1643 2027 1753 2087 καὶ
1815 2024 2297 2109 μεταλλοιοῦται
2360 2028 2471 2087 καὶ
2535 2024 2823 2108 τρέπεται
2870 2022 3056 2086 πάλιν

853 2123 957 2188 ὑπ’
1018 2127 1236 2189 αὐτοῦ·
1348 2126 1439 2189 διὸ
1502 2127 1848 2212 πολλαχῶς
1911 2130 2021 2191 καὶ
2084 2127 2382 2204 ποικίλως
2437 2127 2883 2211 ἐπεκαλούμην
2946 2127 3054 2188 τὸν
3107 2130 3180 2187 15

847 2229 1212 2313 κυριεύοντα
1259 2232 1428 2294 κατὰ
1488 2230 1770 2314 καρδίαν,
1837 2233 1940 2295 ἵνα
2009 2231 2513 2315 συναναγκασθῇ
2579 2231 2801 2305 καθὼς
2846 2228 3057 2313 ἠξίουν

850 2331 1231 2397 ἐπιτελέσαι·
1286 2333 1570 2419 μεγάλην
1601 2336 1722 2417 γὰρ
1753 2333 1931 2417 εἶχον
1966 2333 2189 2396 ἐλπίδα
2223 2335 2361 2417 περὶ
2407 2330 2716 2417 σωτηρίας
2764 2338 3051 2399 <τῶν>

850 2435 1201 2519 ἀνθρώπων
1279 2436 1726 2520 προτιθέμενος
1807 2435 1998 2521 λόγον
2059 2438 2153 2499 ὅτι
2218 2438 2333 2521 τὴν
2395 2435 2748 2499 ἐπιτέλειαν
2810 2434 2844 2497 ό
2905 2435 3057 2509 θεὸς

848 2537 1098 2621 ποιήσει
1142 2547 1267 2603 τῶν
1312 2538 1706 2623 ἀξιουμένων·
1799 2539 1833 2601 ὃ
1877 2540 2001 2623 γὰρ
2045 2542 2195 2622 πρὸς
2240 2538 2640 2623 δικαιοσύνην
2684 2540 2795 2601 καὶ
2839 2537 3057 2601 καλῶν

850 2642 1047 2724 ἔργων
1110 2640 1468 2726 ἐπιμέλειαν
1548 2642 1615 2707 ἐν
1692 2641 1972 2727 ὁσιότητι
2035 2641 2383 2726 νομίζουσιν
2445 2642 2766 2725 ἄνθρωποι
2829 2650 3053 2724 ποιεῖν,
3107 2648 3184 2703 20

848 2745 1229 2809 κατευθύνει
1274 2748 1386 2820 τὰς
1428 2744 1677 2828 πράξεις
1721 2748 1832 2808 καὶ
1893 2748 2006 2821 τὰς
2050 2743 2345 2831 ἐπιβολάς
2405 2746 2438 2809 ό
2500 2745 2799 2829 κυριεύων
2863 2745 3057 2808 ἁπάν-

852 2868 975 2911 των
1022 2847 1197 2931 θεός)
1259 2849 1293 2911 ὃ
1338 2848 1407 2911 δὲ
1453 2848 1840 2932 διανακύψας
1903 2851 2015 2912 καὶ
2057 2848 2456 2936 προσβλέψας
2520 2848 2713 2933 ἱλαρῷ
2779 2856 2866 2933 τῷ
2910 2869 3057 2932 προ-

854 2948 1066 3032 σώπῳ·
1132 2948 1351 3026 ’πόσας
1413 2951 1870 3037 ὑπολαμβάνεις
1918 2952 2222 3036 μυριάδας
2260 2952 2529 3015 ἔσεσθαι
2556 2971 2571 3032 3
2599 2949 2617 2973 ²
2661 2952 2811 3035 ἔφη.
2903 2973 3058 3035 παρ-

849 3055 1045 3128 εστὼς
1119 3049 1188 3116 δὲ’
1260 3052 1556 3138 Ἀνδρέας
1630 3055 2021 3139 ἀπεφήνατο·
2113 3054 2131 3079 ²
2160 3055 2386 3141 βραχεῖ
2459 3054 2675 3118 πλεῖον
2752 3054 3060 3138 μυριάδων

850 3154 1048 3220 δέκα’.
1159 3157 1192 3219 ὃ
1254 3155 1345 3219 δέ·
1454 3155 1472 3180 ‘
1495 3157 1710 3242 μικρόν
1788 3180 1891 3242 γε,
1977 3159 2174 3240 εἶπεν,
2248 3157 2577 3244 Ἀριστέας
2654 3160 2821 3244 ἡμᾶς
2900 3157 3060 3235 ἀξιοῖ
3107 3163 3184 3221 25

848 3258 1149 3344 πρᾶγμα’.
1243 3259 1540 3345 Σωσίβιος
1584 3261 1652 3323 δὲ
1696 3264 1807 3324 καὶ
1850 3270 1976 3325 τῶν
2038 3261 2362 3346 παρόντων
2423 3264 2580 3338 τινὲς
2642 3259 2811 3325 τοῦτ’
2855 3261 3054 3324 εἶπον·

846 3361 978 3426 (καὶ
1037 3364 1159 3447 γὰρ
1222 3362 1391 3440 ἄξιόν
1454 3364 1588 3426 ἐστι
1635 3373 1749 3449 τῆς
1795 3373 1912 3448 σῆς
1958 3363 2434 3449 μεγαλοψυχίας
2513 3367 2680 3440 ὅπως
2751 3362 3059 3448 χαριστή-

850 3487 974 3549 ριον
1019 3466 1233 3552 ἀναθῇ
1283 3473 1371 3549 τῷ
1445 3465 1719 3551 μεγίστῳ
1784 3468 1920 3552 θεῷ
1982 3469 2102 3552 τὴν
2164 3467 2398 3531 τούτων
2463 3467 2791 3532 ἀπόλυσιν·
2888 3465 3059 3551 μεγί-

852 3589 1012 3643 στως
1070 3571 1193 3653 γὰρ
1255 3567 1663 3653 τετιμημένος
1743 3570 1863 3632 ὑπὸ
1926 3580 2035 3645 τοῦ
2100 3580 2477 3655 κρατοῦντος
2539 3574 2618 3635 τὰ
2682 3570 2886 3634 πάντα
2951 3571 3062 3631 καὶ

851 3670 1296 3757 δεδοξασμένος
1341 3672 1495 3755 ὑπὲρ
1557 3676 1699 3749 τοὺς
1742 3671 2105 3757 προγόνους,
2157 3675 2212 3738 εἰ
2277 3678 2387 3739 καὶ
2451 3674 2716 3759 μέγιστα
2776 3671 3057 3756 ποιήσεις
3105 3679 3185 3735 30

855 3774 1233 3859 χαριστήρια
1279 3774 1582 3859 καθῆκόν
1628 3776 1764 3840 ἐστί
1810 3775 1949 3840 σοι’.

1057 3864 1385 3962 διαχυθεὶς
1444 3879 1511 3942 δὲ
1579 3881 1647 3942 εὖ
1715 3880 1886 3964 μάλα
1952 3890 2078 3956 τοῖς
2122 3880 2403 3964 ὀψωνίοις
2464 3880 2602 3943 εἷπε
2664 3880 3057 3964 προσθεῖναι,

851 3983 964 4044 καὶ
1011 3981 1299 4065 σώματος
1343 3980 1617 4045 ἑκάστου
1665 3982 2045 4067 κομίζεσθαι
2090 3983 2376 4068 δραχμὰς
2421 3984 2621 4047 εἴκοσι
2656 4021 2733 4031 -
2766 3986 2878 4047 καὶ
2924 3985 3063 4067 περὶ

1056 4224 1104 4280 1.
1141 4227 1291 4295 ψυχῇ
1325 4224 1584 4277 ἀπόλυσον
1618 4227 1780 4282 hiant
1836 4227 1861 4296 Η
1922 4226 1984 4282 2.
2020 4246 2113 4279 σου
2154 4228 2243 4291 Ns,
2282 4246 2361 4279 om
2403 4228 2462 4295 L,
2500 4246 2577 4295 σε,
2615 4247 2643 4280 ε
2677 4231 2737 4283 in
2775 4243 2907 4292 ras„
2946 4229 3004 4278 Η
3034 4224 3057 4297 ΙΙ

850 4313 943 4379 τὴν
978 4311 1252 4377 βασιλείαν
1288 4327 1398 4367 0111.
1438 4312 1496 4361 Η
1525 4310 1550 4383 Η
1594 4311 1655 4368 5.
1690 4312 1915 4378 βασιλεῦ
1956 4314 2076 4381 HN,
2116 4314 2160 4365 ὦ
2194 4314 2418 4379 βασιλεῦ
2460 4316 2518 4380 L,
2555 4314 2783 4379 μάλιστα
2818 4330 2843 4363 ³
2881 4313 2906 4384 Η
2947 4315 3062 4366 ἐτύ-

851 4417 970 4462 μως
1010 4400 1268 4466 Ιοεῳὴαε,
1324 4400 1528 4467 ἑτέρως
1575 4403 1645 4452 Ze
1691 4399 1717 4469 Η
1776 4399 1838 4455 6.
1897 4397 2041 4469 Ζῆνα
2076 4400 2161 4453 καὶ
2201 4400 2312 4455 Δία.
2385 4401 2525 4453 οὕτω
2576 4401 2850 4467 Schmidt,
2888 4402 2995 4469 ζῆν·
3030 4400 3066 4453 ἃ

855 4483 1070 4554 (ζῆνΙΙα,
1127 4490 1151 4538 1
1192 4486 1297 4541 litt.
1354 4500 1517 4550 eraS.‚
1556 4488 1630 4553 Η)
1688 4486 1771 4539 καὶ
1822 4487 1910 4537 δια
1964 4490 2121 4539 τοῦτο
2172 4487 2235 4548 Ζ,
2290 4484 2452 4556 Ζῆνα.
2509 4487 2592 4539 καὶ
2644 4486 2729 4537 διὰ
2781 4490 2938 4537 τοῦτο
2972 4504 2997 4537 s
3035 4485 3059 4555 Η

853 4568 1026 4625 δὀῐῐι.
1051 4571 1096 4621 L
1135 4569 1161 4639 ΙΙ
1201 4570 1260 4625 7.
1297 4572 1528 4639 γίγνεται
1562 4572 1633 4642 ιΙΙ
1671 4571 1762 4627 15.
1801 4571 2020 4631 πολλαῖς
2036 4573 2122 4624 καὶ
2144 4573 2469 4633 ποικίλαις-Η
2501 4572 2527 4642 Η
2564 4571 2654 4627 17.
2689 4572 2794 4640 γὰρ
2815 4586 2924 4626 om.
2949 4572 2993 4621 L
3035 4571 3060 4641 Η

850 4662 955 4709 τῶν
990 4658 1177 4713 addidi
1217 4657 1241 4728 ΙΙ
1282 4656 1371 4713 21.
1408 4657 1697 4725 ἐπιβουλὰς
1723 4660 1764 4708 L
1804 4658 1828 4728 ΙΙ
1869 4657 1975 4713 23.
2012 4657 2231 4712 ἔσεσθαι
2265 4660 2531 4727 μυριάδας
2560 4676 2601 4725 s,
2639 4660 2697 4712 et
2732 4659 2993 4726 primitus
3015 4659 3075 4707 Η

850 4746 1153 4813 (transpos.
1174 4746 1340 4813 signa
1374 4760 1496 4814 sup.
1517 4759 1624 4800 ser.
1661 4760 1732 4799 m.
1773 4746 1823 4811 1)
1865 4744 1888 4813 Η
1930 4744 2035 4800 24.
2070 4745 2250 4815 βραχὺ
2285 4764 2319 4795 oe
2359 4744 2383 4813 Η
2426 4743 2531 4799 25.
2568 4744 2755 4796 ἕνδεκα
2794 4746 2988 4813 Ioseph.
3033 4742 3063 4813 Η

851 4829 958 4886 26.
995 4829 1151 4902 τοῦτ’]
1186 4832 1293 4884 τότ’
1330 4834 1505 4887 vertit
1541 4832 1772 4886 Garbitz
1807 4829 2010 4900 (tum’)
2050 4831 2074 4902 ΙΙ
2117 4830 2221 4886 33.
2262 4832 2446 4884 ἑκατὸν
2484 4830 2642 4884 εἴκοσι
2681 4833 2927 4901 Iosephus
