3775 5659
861 542 904 609 35

779 634 984 643 -.--.--

249 750 385 818 habeat
440 748 525 839 legit
556 760 672 817 tamen
703 747 786 817 illud
818 747 886 817 iam
917 748 1086 838 Iosephus
1118 747 1260 831 (diversi
1282 747 1421 837 generis
1444 760 1524 817 sunt

249 853 394 940 βασιλεὺς
427 854 524 939 μέγας
555 853 589 921 in
622 852 778 942 epistulis
809 852 943 920 ficticiis
975 852 1107 942 (Eupol.
1140 875 1193 941 ap.
1229 853 1355 922 Euseb.
1387 876 1437 941 pr.
1471 877 1523 921 ev.

248 956 298 1024 lX
319 976 381 1044 323
412 960 467 1044 34)
500 968 534 1023 et
564 956 599 1023 in
629 956 806 1023 titulorum
839 955 1108 1041 enumeratione,
1140 956 1235 1023 velut
1265 956 1366 1025 inser.
1390 957 1523 1025 Rosett.

249 1082 300 1128 vs,
323 1081 345 1147 3
368 1082 446 1127 cum
469 1060 586 1126 adnot.
610 1058 812 1142 Letronnii).

353 1185 390 1252 p.
414 1163 449 1249 7,
473 1164 510 1232 8.
556 1163 789 1228 ἀπολειπόντων
811 1185 876 1251 pro
908 1162 1126 1228 ἀπολιπόντων
1149 1163 1371 1232 scribendum
1395 1163 1525 1249 fuisset,

251 1267 355 1335 etiam
378 1267 406 1334 si
430 1289 502 1335 non
526 1278 659 1334 extaret
680 1265 819 1354 Iosephi
851 1275 913 1332 τῶν
936 1269 982 1330 ἔτι
1015 1267 1197 1332 λειπόντων.
1245 1267 1417 1335 Eusebius
1449 1268 1526 1332 ἀπο·

251 1371 457 1455 λειφθέντων,
482 1372 596 1439 minus
620 1383 722 1439 recte.

354 1496 392 1563 p.
415 1473 450 1560 7,
482 1473 537 1542 10.
583 1478 638 1538 καὶ
675 1478 715 1538 τὰ
752 1474 998 1539 διαπεπτωκότα
1032 1513 1075 1521 -
1112 1474 1294 1559 ἐπισκευῆς]
1332 1485 1449 1562 ,utque
1486 1495 1528 1540 ea

251 1576 428 1644 volumina
452 1598 542 1665 quae
564 1576 690 1644 fuerint
705 1576 883 1662 dissoluta,
907 1576 1036 1644 iustum
1052 1576 1086 1644 in
1102 1576 1245 1644 modum
1260 1578 1526 1666 repararentur‘.

252 1678 297 1745 ad
319 1682 360 1743 τὰ
382 1679 626 1745 διαπεπτωκότα
648 1691 743 1747 recte
763 1679 940 1748 Letronne
963 1679 1102 1763 (recueil
1124 1679 1137 1746 Ι
1160 1703 1192 1769 p.
1215 1702 1288 1765 211,
1312 1685 1346 1765 2)
1369 1685 1409 1745 τὰ
1430 1703 1537 1745 πετο-ι

251 1782 385 1869 νήκότα,
412 1783 506 1870 quod
529 1782 565 1850 in
587 1781 869 1871 inscriptionibus
892 1782 986 1850 haud
1008 1805 1126 1850 rarum
1149 1795 1211 1869 est,
1236 1796 1423 1873 comparat.
1463 1806 1527 1872 pro

252 1886 423 1971 ἐπισκευῆς
453 1907 529 1954 voc.
563 1886 718 1975 legitimo
740 1926 783 1934 —
806 1886 846 1954 cf.
871 1909 899 1954 e.
922 1910 956 1975 g.
980 1886 1081 1955 inser.
1104 1886 1239 1955 Rosett.
1262 1910 1314 1955 vs.
1337 1907 1398 1975 34:
1431 1888 1528 1951 τότε

253 1989 466 2075 προσδεόμενα
481 1990 652 2076 ἐπισκευῆς
667 1990 954 2075 προσδιωρθώσοιτο
968 2030 1011 2038 -
1025 1989 1195 2080 Iosephus
1210 1990 1387 2076 ἐπιμελείας
1403 1990 1527 2080 posuit,

154 2087 158 2105 '
253 2092 341 2160 sicut
363 2114 428 2181 pro
450 2094 657 2180 πεποιημένος
679 2096 715 2158 οὐ
738 2093 900 2178 παρέργως
922 2097 981 2180 τήν
997 2095 1028 2159 ἐν
1044 2095 1163 2172 τούτοις
1178 2094 1356 2179 ἐπιμέλειαν
1378 2094 1432 2177 (cf.
1449 2116 1527 2182 pap.

254 2194 360 2264 Paris,
385 2219 418 2285 p.
441 2215 515 2285 351,
541 2216 595 2285 17:
619 2207 697 2261 πᾶσι
720 2207 785 2272 τοῖς
809 2199 894 2260 κατὰ
917 2197 1007 2282 μέρος
1022 2196 1247 2261 διαστείλασθε
1263 2200 1333 2280 περὶ
1347 2206 1409 2262 τῶν
1424 2200 1529 2262 αὐτῶν

255 2303 298 2386 μῆ
330 2300 504 2388 παρέργως)
535 2300 675 2389 scripsit
708 2302 796 2386 ποὶσή
830 2301 1026 2387 κεχρημένος
1057 2304 1127 2386 περὶ
1158 2311 1259 2364 ταῦτα
1293 2301 1429 2386 σπουδῆ,
1464 2322 1529 2388 pro

253 2402 478 2488 προσαναφέρω
501 2402 660 2470 sollemni
683 2404 771 2490 δηλῶ
793 2403 955 2490 ieiunum,
979 2403 1115 2492 aliaque
1137 2403 1172 2469 id
1194 2424 1315 2491 genus.

357 2528 395 2595 p.
418 2506 453 2592 7,
476 2506 521 2574 ll.
567 2508 792 2592 προσαναφέρω
816 2529 874 2572 σοι.
922 2511 962 2572 τὰ
985 2508 1019 2571 δέ
1041 2507 1204 2575 Aristeae
1226 2517 1261 2572 et
1275 2505 1415 2573 Eusebii
1441 2505 1531 2572 codi-

255 2630 333 2676 cum
355 2609 505 2697 reposui‚
529 2632 607 2677 cum
630 2610 665 2677 in
687 2610 828 2678 Aristea
849 2612 960 2678 verba
981 2610 1117 2678 soleant
1139 2609 1194 2677 edi
1216 2609 1283 2677 ita:
1306 2611 1530 2694 προσαναφέρω

255 2738 303 2780 σοι
334 2716 409 2779 τάδε
437 2754 488 2800 -,
525 2737 594 2803 qua
624 2715 659 2783 in
691 2716 969 2784 conformatione
1000 2715 1148 2783 offendit
1178 2714 1310 2783 articuli
1348 2714 1392 2782 ad
1429 2712 1530 2801 βιβλία

254 2818 452 2887 necessario
476 2818 680 2907 pertinentis
704 2819 856 2887 omissio.
902 2820 1127 2905 προσαναφέρω
1158 2820 1190 2887 h.
1214 2819 1234 2886 l.
1258 2817 1418 2886 absolute
1438 2815 1531 2905 posi-

255 2932 328 2989 tum
352 2933 404 2990 est
426 2921 598 3009 (μείονα),
630 2923 732 3012 plane
764 2935 803 2991 ut
834 2923 873 2991 fit
904 2923 939 2991 in
972 2946 1050 3013 pap.
1075 2923 1182 2991 Paris.
1215 2945 1247 3010 p.
1270 2923 1344 3010 378,
1375 2939 1414 2989 2:
1449 2923 1532 2998 ὅπως

255 3028 309 3090 οὖν
325 3026 420 3111 εἰδῆς,
445 3026 730 3113 προσαναφέρομεν,
755 3050 787 3094 ν.
805 3027 848 3095 ib.
866 3050 899 3116 p.
914 3030 988 3116 364,
1012 3029 1064 3096 82.
1110 3038 1263 3095 ceterum
1279 3026 1313 3089 δὲ
1329 3024 1531 3113 particulam

256 3129 411 3197 concedo
435 3129 617 3197 molestam
641 3153 719 3198 esse
740 3130 921 3219 viderique
943 3131 1066 3199 melius
1090 3129 1210 3198 omitti.
1255 3128 1338 3212 (noli
1355 3140 1477 3216 putare
1500 3129 1532 3191 έν

257 3233 376 3308 τούτοις
408 3232 516 3299 verba
546 3233 729 3301 referenda
764 3256 842 3302 esse
879 3234 924 3302 ad
955 3255 1073 3302 curam
1110 3231 1325 3300 voluminum
1357 3231 1531 3298 laesorum

256 3335 366 3404 solam
390 3335 443 3404 cui
466 3348 664 3424 opponatur
685 3336 767 3404 inde
788 3360 809 3404 a
831 3340 871 3401 τὰ
893 3338 927 3401 δὲ
950 3358 1033 3405 cura
1054 3334 1268 3403 voluminum
1284 3332 1533 3421 comparando-

256 3458 351 3507 rum:
375 3449 534 3527 spectant
556 3439 600 3505 ad
624 3461 741 3506 curam
763 3444 970 3527 utramque).

835 3694 861 3806 ς
887 3697 951 3781 ιε.

361 3878 399 3945 p.
410 3855 444 3940 7,
460 3854 502 3923 13
513 3875 575 3946 sq.
591 3853 794 3940 τυγχάνει-
805 3854 1013 3939 σεσήμανται]
1030 3863 1121 3938 ,sunt
1131 3852 1222 3920 enim
1231 3853 1348 3941 legum
1356 3852 1533 3922 volumina

258 3959 315 4027 illa
338 3959 521 4027 Hebraicis
544 3958 702 4026 confecta
724 3956 846 4024 litteris
882 3968 917 4024 et
938 3979 1111 4043 sermone,
1144 3956 1385 4045 neglegentius
1417 3968 1533 4025 autem

258 4086 322 4131 nec
344 4074 384 4130 ut
405 4083 444 4128 re
473 4083 557 4128 vera
588 4084 628 4129 se
658 4062 788 4128 habent
822 4071 939 4128 extant
971 4061 1183 4149 perscripta‘.
1229 4060 1374 4128 multum
1406 4061 1450 4128 de
1480 4061 1534 4129 his

258 4167 376 4235 verbis
399 4165 481 4233 olim
504 4165 697 4232 dubitatum
721 4177 782 4251 est,
807 4187 872 4232 nec
894 4164 1035 4233 iniuria:
1059 4186 1149 4253 quae
1172 4164 1263 4232 enim
1279 4164 1368 4232 inter
1383 4165 1534 4250 τυγχάνει

259 4271 416 4358 λεγόμενα
439 4281 473 4336 et
496 4268 689 4353 σεσήμανται
712 4268 757 4336 sit
779 4267 956 4357 oppositio
978 4290 1050 4336 non
1073 4267 1237 4337 continuo
1254 4280 1408 4356 apparet.
1455 4290 1535 4356 qua·

258 4386 405 4463 propter
426 4395 505 4440 cum
528 4371 583 4438 alii
598 4383 672 4438 tum
687 4371 716 4438 F
717 4372 837 4438 rankel
859 4371 1048 4457 (,Vorstud.
1065 4395 1108 4439 zu
1124 4371 1155 4438 d.
1172 4370 1413 4460 Septuaginta‘
1431 4394 1462 4460 p.
1479 4376 1534 4459 24)

260 4479 456 4563 σεσήμανται
479 4475 657 4562 ,vertendi‘
680 4475 824 4543 notione
845 4475 877 4542 h.
901 4475 921 4542 l.
946 4476 1184 4564 accipiendum
1208 4498 1286 4544 esse
1308 4475 1373 4544 sibi
1396 4496 1535 4564 persua-

260 4592 380 4648 serunt
400 4619 444 4628 -
464 4592 502 4648 ut
525 4578 757 4666 intellegenda
780 4578 824 4646 sit
846 4578 1016 4646 vetustior
1038 4579 1095 4647 illa
1116 4578 1296 4647 translatio
1320 4578 1466 4663 Graeca,
1491 4577 1536 4644 de

261 4705 330 4771 qua
344 4705 376 4749 v,
394 4683 438 4750 ad
454 4705 486 4771 p.
503 4684 555 4768 68,
574 4701 614 4771 15
629 4682 678 4749 ed.
689 4681 911 4762 Schmidt<
928 4693 964 4749 at
979 4681 1085 4750 falso:
1102 4682 1232 4750 nullum
1243 4682 1335 4749 enim
1351 4681 1424 4749 eius
1434 4680 1536 4768 signi·

260 4784 431 4853 ficationis
464 4786 557 4873 quod
589 4785 696 4854 sciam
729 4795 823 4852 extat
854 4785 1060 4872 exemplum.
1115 4784 1163 4852 nil
1197 4784 1301 4873 igitur
1332 4784 1536 4872 relinquitur

260 4889 326 4957 nisi
347 4900 386 4956 ut
401 4890 594 4975 σεσήμανται
611 4912 652 4957 ea
667 4888 854 4976 accipiatur
869 4887 1004 4956 ratione
1021 4910 1089 4976 qua
1104 4898 1308 4976 usurpatum
1325 4898 1378 4953 est
1399 4886 1537 4954 lEsrae

1029 4982 1034 4995 .
1302 4989 1332 5041 3,
