3775 5659
996 508 1016 571 2

451 711 580 795 σεσθαι,
621 712 807 796 προσφάτως
837 712 1133 798 παραγεγενημένσν
1174 713 1212 776 ἐκ
1253 721 1310 797 της
1342 712 1438 798 νήσου
1480 718 1555 799 πρὸς
1598 753 1623 800 p.
1642 741 1676 790 14
1694 738 1719 792 s,

451 815 534 900 ήμάς
577 818 631 880 καὶ
685 815 871 903 βουλόμενον
916 818 1100 881 συνακούειν
1152 818 1213 879 ὅσα
1265 818 1339 900 πρὸς
1384 817 1559 903 ἐπισκευήν

450 918 558 1003 ψυχῆς
597 920 761 1008 ὑπάρχει.
807 923 863 984 καί
893 921 1042 1005 πρότερον
1081 920 1115 983 δὲ
1156 918 1375 1005 διεπεμψάμην
1409 941 1457 983 σοι
1489 925 1560 1005 περὶ

450 1022 493 1085 ὧν
515 1022 654 1107 ἐνόμιζον
686 1021 973 1114 ᾷξιομνημσνεότων
996 1026 1074 1088 εἶναι
1106 1025 1164 1108 τήν
1187 1023 1384 1107 ἀναγραφήν,
1419 1023 1459 1107 ἣν
1482 1046 1556 1109 μετ-

450 1125 604 1212 ελάβομεν
635 1125 721 1210 παρὰ
757 1136 819 1190 τῶν
851 1130 936 1191 κατά
975 1129 1034 1212 τήν
1077 1126 1275 1211 λογιωτάτην
1306 1127 1468 1211 Αἴγυπτον
1506 1127 1557 1190 λο-
1603 1137 1620 1193 5

408 1229 611 1313 4γιωτάτων
643 1229 811 1315 ἀρχιερέων
842 1233 912 1315 περὶ
943 1239 998 1295 τοῦ
1029 1230 1138 1315 γένους
1170 1239 1232 1293 τῶν
1254 1228 1421 1294 Ἰουδαίων.
1470 1231 1556 1313 φιλο-

451 1333 562 1417 μαθῶς
603 1335 664 1417 γάρ
706 1333 813 1419 ἔχοντί
852 1333 922 1416 ήσοι
966 1337 1035 1416 περὶ
1075 1342 1138 1397 τῶν
1181 1332 1358 1417 δυναμένων
1391 1333 1555 1417 ὠφελῆσαι

448 1436 583 1500 διάνοιαν
622 1435 691 1501 δέον
732 1438 799 1501 ἐστὶ
839 1436 1056 1521 μεταδιδόναι,
1101 1436 1238 1521 μάλιστα
1279 1439 1334 1521 μὲν
1375 1446 1451 1500 πᾶσι
1491 1446 1555 1511 τοῖς

448 1538 575 1627 ὁμοίοις,
609 1540 718 1624 πολλῷ
751 1539 785 1603 δὲ
818 1540 939 1625 μᾶλλον
973 1542 1022 1603 σοὶ
1052 1539 1187 1624 γνησίαν
1217 1540 1324 1623 ἔχοντι
1346 1541 1401 1626 τήν
1424 1541 1557 1628 αίρεσιν,

448 1646 484 1708 οὐ
508 1644 600 1729 μόνον
622 1646 707 1708 κατά
741 1647 777 1707 τὸ
811 1646 960 1729 συγγενὲς
992 1643 1119 1728 ἀδελφῷ
1150 1645 1346 1727 καθεστῶτι,
1382 1644 1467 1707 ἀλλά
1500 1646 1554 1706 καί
1580 1653 1616 1706 10

447 1750 501 1811 τὸν
532 1747 658 1832 τρόπον,
692 1758 732 1833 τή
765 1750 839 1830 πρὸς
870 1750 907 1811 τδ
929 1748 1030 1811 καλὸν
1057 1748 1136 1832 όρμη
1171 1750 1224 1811 τὸν
1247 1748 1343 1812 αὐτόν
1366 1748 1440 1810 ὄντα
1463 1747 1551 1832 ήμῖν·

447 1861 565 1936 χρυσοῦ
588 1853 649 1935 γάρ
671 1851 762 1936 χάρις
791 1853 813 1936 ή
847 1851 1033 1936 κατασκευή
1068 1873 1112 1928 τις
1145 1851 1231 1936 άλλη
1254 1859 1316 1915 τῶν
1339 1850 1553 1936 τετιμημένων

446 1958 532 2037 παρὰ
554 1965 619 2030 τοῖς
642 1954 814 2032 κενοδόξοις
836 1954 990 2037 ὠφέλειαν
1021 1957 1080 2018 οὐκ
1111 1956 1179 2039 ἔχει
1211 1956 1269 2039 τήν
1299 1953 1411 2038 αὐτήν,
1436 1954 1554 2039 όσονή

446 2058 586 2134 παιδείας
619 2060 731 2144 ἀγωγή
763 2061 818 2122 καὶ
848 2059 870 2143 ή
902 2061 973 2142 περὶ
1004 2058 1121 2122 τούτων
1155 2056 1287 2142 φροντίς.
1355 2059 1404 2121 ἵνα
1437 2057 1471 2119 δὲ
1510 2058 1553 2141 μή

446 2164 516 2246 περὶ
548 2170 609 2224 τῶν
640 2161 878 2246 προλεγομένων
910 2162 1102 2247 μηκόνοντες
1133 2160 1309 2246 ἀδόλεσχόν
1341 2183 1369 2224 τι
1400 2169 1548 2244 ποιῶμεν,
1577 2167 1613 2221 15

445 2265 497 2328 ἐπὶ
519 2267 554 2328 τὸ
578 2267 707 2350 συνεχὲς
730 2274 787 2350 τής
808 2265 986 2350 διηγήσεως
1008 2264 1215 2351 ἐπανήξομεν.

407 2377 421 2432 5
550 2369 766 2444 κατασταθεὶς
802 2369 853 2432 ἐπὶ
885 2379 942 2453 της
971 2379 1029 2458 ,τοῦ
1061 2368 1212 2456 βασιλέως
1246 2367 1454 2455 βιβλιοθήκης
1485 2366 1548 2451 Δη-

445 2471 571 2557 μήτριος
602 2472 618 2535 ό
650 2471 818 2557 Φαληρεὺς
850 2471 1077 2557 ἐχρηματίσθη
1109 2472 1214 2536 πολλά
1247 2472 1378 2556 διάφορα
1409 2473 1484 2555 πρὸς
1514 2471 1549 2531 τὸ

446 2585 648 2659 συναγαγεῖν,
682 2577 709 2638 εἰ
739 2575 881 2659 δυνατόν,
915 2579 1042 2640 ἅπαντα
1084 2580 1124 2640 τά
1155 2579 1241 2640 κατὰ
1273 2578 1331 2660 τήν
1362 2573 1549 2659 οἰκουμένην

444 2678 558 2765 βιβλία·
615 2682 670 2742 καὶ
709 2679 888 2763 ποιούμενος
928 2682 1126 2764 ἀγορασμοὺς
1168 2682 1223 2744 καὶ
1263 2681 1466 2764 μεταγραφάς
1497 2678 1548 2741 ἐπὶ
1573 2685 1611 2740 20

445 2782 534 2858 τέλος
556 2784 690 2866 ήγαγεν,
716 2783 788 2845 ὅσον
811 2781 860 2866 ἐφ’
882 2782 999 2866 ἑαυτῷ,
1033 2785 1092 2867 τήν
1122 2793 1177 2846 τοῦ
1209 2780 1359 2868 βασιλέως
1383 2780 1546 2863 πρόθεσιν.

443 2884 603 2969 παρόντων
635 2887 688 2948 οὖν
719 2886 808 2970 ήμῶν
838 2886 1011 2971 ἐρωτηθεὶς
1053 2886 1147 2949 πόσαι
1181 2886 1259 2960 τινὲς
1291 2883 1433 2969 μυριάδες
1474 2902 1548 2964 τυγ-

442 2989 573 3072 χάνουσι
607 2983 743 3075 βιβλίων,
777 2990 875 3053 είπεν·
908 2988 1004 3074 <ὑπὲρ
1035 2992 1091 3066 τὰς
1125 2991 1237 3071 εἴκοσι,
1263 2987 1403 3075 βασιλεῦ·
1452 3006 1548 3048 σπου-

443 3092 529 3155 δάσω
557 3089 583 3154 δ’
614 3092 647 3155 ἐν
679 3090 775 3176 όλίγιρ
807 3092 923 3177 χρόνῳ,
957 3094 1032 3176 πρὸς
1054 3094 1089 3154 τὸ
1112 3091 1324 3176 πληρωθήναι
1347 3089 1548 3175 πεντήκοντα

443 3193 604 3278 μυριάδας,
622 3197 662 3258 τά
677 3194 783 3259 λοιπά.
830 3195 1105 3280 προσαγγέλλεται
1128 3193 1162 3258 δέ
1180 3216 1229 3279 μοι
1252 3195 1363 3257 καὶτὰ
1386 3202 1447 3259 τῶν
1470 3192 1548 3257 Ἰου-
1572 3200 1610 3258 25

442 3297 535 3363 δαίων
558 3298 672 3383 νόμιμα
704 3309 908 3384 μεταγραφής
938 3298 1010 3376 ἄξια
1041 3302 1097 3362 καὶ
1127 3309 1185 3384 τῆς
1207 3301 1292 3383 παρά
1315 3301 1363 3361 σοὶ
1385 3296 1548 3383 βιβλιοθή-

402 3409 417 3462 11
443 3423 503 3486 κης
526 3401 630 3465 τίνοιμ’
672 3402 722 3466 ετί
745 3406 780 3467 τό
803 3403 927 3467 κωλῦον
959 3404 1024 3485 οὑν,
1050 3404 1150 3485 είπεν,
1183 3401 1251 3465 ἐστί
1283 3423 1318 3464 σε
1342 3409 1434 3464 τοῦτο
1456 3408 1547 3483 ποιή-

443 3525 508 3585 σαι;
534 3505 637 3569 πάντα
668 3508 728 3590 γάρ
760 3504 975 3568 ὑποτέτακταί
1006 3528 1054 3569 σοι
1086 3507 1125 3569 τά
1158 3507 1233 3590 πρὸς
1265 3507 1322 3590 τήν
1354 3503 1488 3589 χρείαν.’
1531 3502 1548 3565 ό

441 3607 476 3670 δὲ
499 3606 676 3692 Δημήτριος
699 3609 796 3671 είπεν·
833 3607 1015 3693 εἑρμηνείαις
1037 3608 1230 3692 προσδεῖται·
1262 3607 1548 3692 χαρακτήρσιζγάρ

543 3829 574 3885 2.
593 3829 730 3881 ὑπακούειν
743 3831 777 3880 Ην
797 3829 809 3899 β
830 3828 861 3884 6.
880 3828 1014 3897 περλλΝ,
1033 3831 1153 3900 παρὰζΗτ
1172 3830 1184 3899 Η
1204 3828 1235 3884 7.
1253 3848 1293 3880 σοι
1305 3828 1484 3896 ἀθλΚΠίμθΓ,
1503 3847 1547 3892 μοι

446 3920 518 3972 coni.
528 3918 656 3971 Schmidt
675 3915 687 3987 ή
709 3916 740 3971 8.
759 3917 815 3968 ἐστὶ
834 3932 888 3971 om,
909 3918 946 3966 Hs
965 3915 977 3985 ή
997 3917 1094 3968 διδόναι
1116 3920 1138 3965 Η
1157 3916 1169 3985 ή
1188 3915 1234 3970 111.
1252 3917 1408 3981 καθεστῶτι,
1427 3913 1548 3967 ἀλλὰκαὶ

441 4006 485 4055 τόν
504 4004 601 4071 τρόπον
620 4003 733 4071 Rumor,
753 4005 901 4055 καθεστῶτι
919 4005 963 4054 τὸν
980 4004 1086 4070 τρόπον,
1105 4003 1173 4053 ἀλλὰ
1191 4001 1232 4053 καὶ
1250 4003 1275 4051 Ζ
1293 3999 1306 4070 ή
1325 4000 1371 4056 13.
1390 4002 1454 4071 ὅσην
1472 4003 1544 4056 coni.

440 4091 568 4145 Schmidt
589 4090 600 4160 11
620 4088 664 4144 17.
683 4088 865 4159 κατασταθεὶς]
875 4090 930 4144 inc,
942 4090 1004 4143 Eua.
1024 4089 1036 4159 Ιί
1056 4087 1103 4144 18.
1121 4089 1235 4155 διάφορα
1249 4091 1344 4154 011119
1364 4088 1377 4157 ΙΙ
1396 4087 1443 4143 19.
1462 4089 1486 4140 ελ
1503 4089 1547 4137 δυ·

440 4180 515 4229 νατδν
534 4192 587 4232 0m.
609 4178 680 4244 Εκα,
702 4177 714 4245 ή
743 4174 795 4231 22.
814 4176 859 4228 οὖν
878 4177 950 4235 λόον,
976 4178 1029 4244 γὰρ
1047 4176 1087 4226 H²
1105 4178 1135 4230 in
1152 4176 1208 4229 fine
1229 4190 1271 4230 vs.
1300 4178 1329 4230 et
1347 4193 1366 4239 τ,
1386 4190 1441 4230 om.
1462 4174 1516 4223 BN
1532 4171 1545 4240 11

440 4261 491 4318 22.
510 4262 563 4318 23.
581 4264 694 4329 βιβλίων
720 4263 890 4333 τυγχάνουσιν
917 4265 947 4329 όρ
968 4260 980 4332 β
1000 4260 1053 4317 23.
1071 4261 1142 4314 εἶπεν
1170 4262 1284 4331 0111111
1304 4262 1445 4314 σπουδάσω
1472 4260 1545 4327 Eua,

440 4349 572 4419 κληρώσω
584 4351 661 4404 Arist.
672 4351 745 4404 codd.
766 4350 778 4420 Ιή
799 4349 851 4404 25.
870 4349 1066 4419 προσήγγελται
1078 4350 1140 4403 Eut.
1161 4348 1174 4417 λΙ
1194 4349 1235 4401 καὶ
1253 4352 1362 4414 τάΕον,
1381 4347 1422 4399 καὶ
1433 4346 1510 4399 Arist.
1532 4344 1544 4415 β

438 4433 491 4490 26.
510 4436 551 4487 καὶ
569 4451 622 4490 om.
642 4438 672 4502 όρ
692 4435 704 4504 β
725 4434 777 4490 27.
795 4436 876 4487 είπεῖν
893 4437 964 4486 ἐστιν
984 4435 1001 4498 ι’,
1029 4437 1098 4487 ἐστιν
1116 4436 1197 4487 εἰπεῖν
1218 4438 1248 4502 ὁρ
1267 4434 1279 4504 ή
1300 4434 1354 4491 28.
1372 4433 1546 4485 ἀποτέτακται

438 4522 500 4575 Em.
522 4520 534 4591 ΙΙ
554 4519 607 4575 29.
625 4521 708 4573 δεῖται
724 4520 773 4590 HM
793 4519 846 4575 29.
863 4526 1029 4590 χαρακτῆρσι
1048 4550 1080 4559 -
1098 4536 1133 4591 p.
1161 4519 1191 4591 3,
1210 4520 1241 4576 4.
1269 4522 1368 4588 τρόπος
1382 4520 1424 4572 ita
1442 4519 1546 4573 consti·

437 4606 558 4660 tuerim:
584 4611 752 4675 χαρακτῆρσι
769 4609 821 4674 γάρ
840 4607 917 4665 ἰδίοις
942 4607 1009 4658 κατά
1034 4608 1080 4676 τὴν
1108 4604 1241 4659 Ἰουδαίων
1268 4606 1325 4672 (vel
1341 4604 1393 4670 -ανλ
1418 4609 1545 4674 χρῶνται,

440 4692 562 4758 καθάπερ
590 4689 729 4760 Αἰγύπτιοι.
759 4693 988 4759 ὑπολαμβάνονται
1014 4695 1131 4758 <ριὲν>
1151 4689 1265 4761 Συριακῇ
1289 4691 1407 4762 χρῆσθαι
1434 4693 1467 4759 τῇ
1494 4695 1546 4741 τῶν

443 4779 609 4846 γραμμάτων
627 4778 712 4844 θέσει,
731 4780 761 4830 τὸ
779 4776 802 4829 δ’
820 4779 867 4829 οὐκ
885 4778 964 4845 ἔστιν,
983 4777 1038 4832 ἀλλ’
1057 4780 1152 4848 ἕτερος
1166 4779 1271 4847 τρόπος,
1298 4780 1366 4829 καθὸ
1393 4776 1434 4829 καὶ
1456 4777 1546 4845 φωνὴν

438 4864 506 4916 ἰδίαν
523 4864 633 4935 ἔχουσιν.
