3775 5659
983 496 1026 559 48

942 701 1062 812 §aa

469 899 508 967 p.
533 878 579 963 ll,
613 876 648 946 2.
694 875 801 954 καλῶς
833 878 888 941 οὖν
918 877 1058 962 ποιήσεις
1090 880 1135 959 (ν.
1160 875 1204 945 ad
1228 879 1249 964 β
1270 882 1336 966 32),
1370 878 1499 967 βασιλεῦ
1528 878 1641 964 δίκαιε,

367 982 556 1067 προστάξας,
581 982 622 1058 ὡς
645 984 683 1046 ἂν
705 981 726 1066 ή
752 983 938 1067 μεταγραφή
963 980 1093 1067 γένηται
1117 991 1179 1046 τῶν
1209 982 1344 1069 βιβλίων,
1377 985 1427 1048 ίνα
1449 984 1544 1048 πάλιν
1566 986 1643 1048 ἀπο-

367 1086 598 1150 κατασταδῶσι
614 1088 689 1170 πρός
703 1085 788 1170 ήμᾶς
803 1084 954 1169 ἀσφαλῶς
969 1083 997 1148 οἱ
1013 1084 1129 1168 ἄνδρες]
1146 1082 1318 1152 simillime
1333 1084 1472 1174 quidem
1482 1087 1644 1174 Vaphres

367 1187 638 1276 Eupolemianus
661 1209 681 1254 a
704 1184 895 1255 Salomone
917 1186 1018 1275 petit:
1051 1186 1214 1271 φρόντισον
1239 1237 1246 1252 .
1276 1237 1282 1252 .
1310 1191 1364 1252 καὶ
1397 1191 1448 1254 ίνα
1480 1191 1642 1255 ἀποκατα-

367 1293 529 1356 σταδῶσιν
561 1292 603 1368 εἰς
634 1292 692 1374 τήν
724 1289 812 1371 ἰδίαν,
847 1289 887 1365 ὡς
918 1292 957 1353 ἂν
988 1292 1050 1353 ἀπό
1082 1299 1140 1374 τῆς
1171 1291 1279 1377 χρείας
1300 1291 1450 1376 γένωνται
1471 1294 1643 1380 (γενόμενοι

366 1394 431 1478 alii,
455 1416 486 1461 ν.
510 1393 556 1461 ad
578 1397 600 1479 §
621 1394 686 1473 28).
741 1403 776 1460 at
807 1414 852 1459 ne
883 1391 938 1459 hic
973 1391 1113 1480 quidem
1145 1415 1224 1460 cum
1256 1392 1525 1462 Freudenthalio
1556 1395 1589 1478 (l.
1615 1418 1642 1463 c.

365 1521 398 1586 p.
425 1500 499 1582 110)
522 1495 731 1584 sumpserim
755 1495 1027 1563 intercedentem
1051 1495 1201 1585 aliquam
1225 1497 1389 1565 artiorem
1413 1497 1643 1587 Eupolemum

366 1603 455 1669 inter
487 1613 521 1669 et
543 1600 720 1669 Aristeam
751 1599 931 1685 rationem,
961 1599 1024 1667 sed
1055 1599 1102 1667 nil
1133 1600 1198 1667 nisi
1232 1622 1386 1688 agnosco
1419 1600 1644 1669 formularum

367 1703 625 1771 similitudinem
649 1723 690 1769 ex
713 1701 762 1769 rei
785 1701 1008 1770 similitudine
1041 1714 1172 1783 ortam;
1205 1703 1244 1770 cl.
1270 1726 1371 1791 egr.
1395 1703 1645 1793 Dittenberger

367 1806 442 1894 syll.
467 1829 500 1873 n.
527 1807 597 1893 165,
620 1822 682 1893 331
707 1804 841 1869 ἑλέσθαι
864 1805 898 1869 δὲ
921 1808 977 1869 καὶ
999 1806 1110 1890 ἄνδρας
1142 1808 1172 1869 οἳ
1203 1806 1525 1892 ἀποκαταστήσουσιν
1547 1809 1644 1872 αὐτόν

366 1911 409 1985 εἰς
431 1912 489 1994 τήν
513 1909 590 1973 ἰδίαν
610 1911 689 1994 μετὰ
705 1908 891 1992 ἀσφαλείας,
916 1907 1053 1997 loseph.
1077 1908 1120 1976 A.
1138 1907 1224 1990 Xlll,
1247 1896 1277 1996 9,
1301 1932 1322 1976 2
1345 1908 1506 1991 (Viereck
1529 1932 1642 1995 ,serm

367 2010 440 2081 Gr.‘
463 2035 496 2100 p.
522 2014 613 2099 113):
637 2013 719 2088 ὅπως
740 2034 777 2076 τε
799 2014 905 2088 αὐτοῖς
927 2012 1002 2097 πρός
1025 2035 1059 2076 τε
1082 2013 1222 2099 βασιλεῖς
1245 2016 1300 2076 καὶ
1322 2013 1439 2098 δήμους
1455 2013 1643 2099 ἐλευθέρους

366 2115 536 2201 γράμματα
559 2116 652 2179 δῶσιν
674 2115 716 2191 εἰς
738 2115 914 2199 ἀσφάλειαν
936 2125 994 2200 τής
1016 2117 1059 2192 εἰς
1081 2117 1169 2180 οίκον
1191 2114 1356 2198 ἐπανόδου,
1382 2114 1420 2183 C.
1444 2115 1467 2182 l.
1490 2115 1528 2183 L.
1551 2116 1643 2205 1203

366 2218 528 2302 (Viereck
550 2239 582 2305 p.
606 2220 681 2306 32):
714 2218 841 2295 τούτους
863 2218 975 2282 ἑαυτὸν
998 2222 1083 2283 κατὰ
1105 2221 1141 2282 τό
1162 2228 1219 2303 τής
1250 2218 1434 2304 συγκλήτου
1466 2219 1568 2306 δόγμα
1602 2223 1643 2297 είς

366 2328 422 2401 τὰς
444 2322 593 2408 πατρίδας
616 2323 774 2387 ἀπολῦσαι
796 2323 983 2410 βούλεσθαι.

468 2448 506 2517 p.
529 2426 576 2512 11,
604 2425 639 2494 4.
684 2427 812 2511 ἔρρωσο]
844 2436 939 2493 recte
972 2425 1114 2493 omnino
1146 2424 1306 2493 Aristeas
1337 2425 1403 2492 hoc
1436 2425 1640 2493 vocabulum

366 2529 491 2618 posuit,
526 2552 596 2618 quo
620 2530 652 2596 h.
676 2528 696 2596 l.
721 2528 892 2596 indicatur
914 2527 1018 2596 scribi
1041 2527 1086 2596 ad
1109 2528 1277 2616 dignitate
1309 2546 1451 2616 parem:
1496 2527 1643 2595 subditis

367 2633 459 2700 enim
481 2632 526 2700 ad
548 2654 668 2720 regem
692 2631 924 2699 scribentibus
947 2631 1188 2700 inconcessum
1212 2629 1295 2698 illud
1318 2631 1381 2698 sed
1402 2630 1569 2698 utendum
1592 2632 1641 2694 εὐ-

366 2736 455 2821 τόχει
479 2735 590 2802 verbo
612 2773 656 2782 -
677 2744 715 2801 ut
739 2737 823 2822 §27
848 2733 928 2801 lacit
950 2733 1160 2801 Demetrius.
1207 2733 1246 2800 cf.
1270 2733 1426 2822 Mahaliy
1449 2733 1641 2820 ,Athenaei‘

366 2836 513 2905 Londin.
561 2839 643 2925 1895
666 2836 741 2926 Hp.
757 2838 809 2925 (η.
856 2837 906 2905 sic
923 2848 1060 2905 constat
1075 2836 1219 2904 exordio
1234 2836 1331 2905 finis:
1357 2860 1437 2905 nam
1452 2837 1643 2922 Ἐλεάζαρος

366 2941 527 3027 ἀρχιερεὺς
559 2941 683 3028 βασιλεῖ
714 2939 902 3027 Πτολεμαίῳ
925 2941 1043 3008 verbis
1075 2941 1122 3008 ita
1154 2939 1330 3007 collocatis
1363 2940 1421 3028 qui
1453 2939 1558 3007 utitur
1590 2941 1643 3008 sui

366 3043 449 3110 iuris
472 3054 534 3128 est,
557 3043 598 3111 cf.
622 3042 784 3111 Wilcken
805 3042 924 3111 Herm.
948 3042 1048 3111 XXII
1069 3066 1101 3131 p.
1124 3063 1155 3131 5.

944 3316 971 3426 ς
997 3319 1061 3403 aa.

469 3513 507 3582 p.
543 3491 599 3576 ll,
630 3490 655 3560 5
684 3511 746 3581 sq.
801 3491 943 3558 nomina
975 3514 1017 3579 72
1050 3491 1277 3581 interpretum
1318 3516 1361 3561 ex
1395 3494 1471 3583 ipso
1502 3493 1643 3562 Aristea
1720 3495 1722 3504 ’

368 3595 541 3663 transtulit
583 3596 617 3663 in
659 3593 861 3684 opusculum
905 3595 960 3679 ‚de
992 3595 1206 3683 ponderibus
1237 3608 1272 3664 et
1303 3598 1485 3665 mensuris‘
1518 3620 1547 3664 a.
1579 3618 1643 3685 392

367 3702 412 3781 (v.
437 3699 598 3787 Lagarde
619 3697 799 3786 Symmict.
823 3697 850 3765 ll
872 3721 904 3787 p.
928 3702 1006 3781 211)
1040 3700 1316 3768 consarcinatum
1340 3700 1554 3789 Epiphanius
1577 3699 1644 3788 epi·

368 3824 507 3890 scopus.
556 3825 633 3869 cum
654 3815 770 3869 tamen
796 3825 836 3869 ea
858 3802 963 3869 libelli
988 3801 1216 3890 Epiphaniani
1239 3801 1406 3891 particula
1439 3802 1529 3870 absit
1559 3813 1593 3869 et
1625 3824 1645 3869 a

368 3904 549 3973 codicibus
572 3906 718 3975 Graecis
740 3906 845 3974 hodie
867 3907 960 3974 notis
994 3917 1028 3973 et
1051 3907 1094 3973 ab
1126 3907 1413 3995 interpretatione
1434 3907 1644 3976 Armeniaca

367 4009 436 4091 (Fr.
461 4009 538 4077 hist.
563 4008 687 4079 Graec.
711 4009 743 4077 V
765 4034 786 4078 2
808 4031 840 4099 p.
864 4028 928 4098 405
960 4015 1035 4098 sq.),
1069 4010 1103 4077 in
1135 4009 1246 4077 vicem
1279 4010 1433 4078 succedit
1463 4010 1643 4079 translatio

367 4109 521 4199 Syriaca.
568 4135 609 4179 ea
633 4123 686 4180 est
701 4112 795 4181 edita
815 4151 859 4160 -
881 4134 920 4179 ac
936 4112 1059 4180 litteris
1075 4112 1215 4200 quidem
1231 4111 1414 4181 Hebraicis
1435 4153 1478 4162 -
1500 4112 1643 4181 aPaulo

368 4214 413 4281 de
435 4214 597 4303 Lagarde
620 4214 810 4305 Gottingae
836 4216 920 4284 1880
941 4216 996 4300 (cf.
1019 4215 1057 4284 E.
1082 4214 1202 4283 Nestle
1224 4216 1347 4284 Theol.
1366 4214 1536 4285 [it-Zeit.
1562 4216 1645 4284 1880

368 4340 400 4406 p.
424 4336 488 4406 552
507 4324 574 4408 sq.)
588 4338 595 4387 :
619 4319 699 4387 hinc
721 4318 813 4387 idem
829 4318 989 4408 Lagarde
1005 4320 1146 4387 nomina
1160 4342 1281 4388 rursus
1296 4319 1431 4408 redegit
1446 4318 1480 4387 in
1497 4319 1644 4387 formam

369 4420 541 4490 Graecam
565 4421 600 4489 in
622 4421 851 4510 Epiphaniam
879 4422 1036 4512 opusculi
1067 4422 1220 4490 editione
1242 4423 1379 4492 Graeca
1401 4420 1593 4509 (Symmict.
1616 4421 1644 4489 ll

368 4545 400 4611 p.
427 4526 514 4609 161),
538 4522 585 4591 ita
607 4535 724 4592 tamen
746 4562 790 4572 —
812 4536 849 4592 ut
870 4525 917 4592 ait
939 4525 1080 4613 ipse-
1102 4538 1141 4592 ut
1163 4526 1198 4592 in
1220 4524 1498 4612 redintegrandis
1522 4524 1572 4592 eis
1594 4544 1644 4591 re-

369 4628 515 4694 currerit
546 4626 591 4694 ad
623 4627 812 4696 Aristeam.
859 4651 927 4716 qua
959 4629 1003 4695 de
1035 4650 1139 4696 causa
1171 4629 1273 4696 nobis
1305 4649 1376 4694 non
1398 4625 1535 4696 Graeca
1558 4628 1644 4695 haec

368 4726 530 4818 Lagardii
555 4729 785 4797 conformatio
810 4731 962 4798 curanda
986 4742 1039 4799 est
1073 4732 1136 4799 sed
1167 4730 1327 4798 adeunda
1359 4728 1435 4816 ipsa
1465 4728 1644 4798 translatio

368 4830 514 4920 Syriaca
533 4835 578 4922 (p.
598 4837 659 4923 17).
691 4832 877 4923 (excerpsit
892 4834 973 4901 inde
988 4835 1129 4901 nomina
1146 4856 1259 4901 meum
1275 4833 1312 4899 in
1325 4855 1426 4901 usum
1442 4833 1482 4901 R.
1495 4832 1645 4900 Pietsch-
