3775 5659
763 524 1001 622 ,Α

256 749 431 814 numerus,
464 729 483 796 i.
517 751 546 796 e.
580 728 776 797 differentia
806 728 896 797 inter
925 730 1041 817 333¹),
1074 740 1108 796 et
1139 751 1203 816 400
1237 728 1293 797 tal.
1315 768 1367 812 —,
1393 750 1469 796 curn
1494 750 1536 796 ex

257 831 393 920 losephi
418 831 556 901 calculis
577 854 641 921 per
662 855 782 921 regem
805 832 919 920 ipsum
940 855 1013 900 non
1027 832 1216 900 liberentur
1231 832 1297 901 nisi
1316 853 1428 900 10000
1442 831 1534 898 hom.

257 937 310 1017 l:
336 934 407 1003 diff.
432 935 522 1004 inter
543 958 608 1024 4⁰0
631 947 665 1004 et
686 935 801 1024 366²),
825 935 892 1020 tal,
917 934 991 1003 sive
1012 935 1107 1023 337,
1131 935 1211 1018 tal).

836 1172 862 1285 s
890 1175 954 1261 15.

362 1375 400 1445 p.
423 1353 459 1439 4,
483 1353 546 1422 32.
591 1353 757 1439 διαχυθείς
778 1352 862 1437 κτα]
878 1351 989 1420 edicti
1014 1353 1108 1440 quod
1141 1356 1163 1437 §
1192 1375 1230 1441 17
1253 1354 1379 1443 legitur
1402 1377 1537 1426 summa

257 1459 466 1528 lineamenta
484 1457 564 1545 ipse
576 1479 638 1524 rex
653 1478 696 1523 ex
712 1478 810 1524 more
832 1458 877 1539 (V.
894 1456 1091 1524 Lumbroso
1116 1464 1223 1541 ,econ
1239 1457 1320 1545 pol.‘
1343 1481 1375 1546 p.
1394 1482 1456 1549 179
1471 1467 1537 1550 sq.)

258 1562 314 1631 hic
337 1559 514 1649 praecipit.
538 1559 634 1626 iubet
656 1558 760 1646 igitur
783 1558 933 1627 edictum
956 1558 1091 1646 concipi
1115 1558 1251 1647 sibique
1282 1561 1536 1632 subministrari

257 1705 302 1715 -
323 1664 591 1754 proponendum
626 1663 662 1730 in
694 1662 833 1750 publico
864 1663 1035 1746 (ἐκθεῖναι)
1068 1662 1103 1729 id
1134 1675 1216 1752 post
1237 1663 1536 1735 confirmationem

259 1768 391 1857 regiam
412 1806 456 1816 -—
479 1790 548 1855 quo
565 1765 806 1833 contineantur
828 1766 916 1833 haec
930 1764 1012 1833 tria:
1036 1765 1208 1855 imperare
1222 1789 1342 1856 regern
1358 1781 1396 1837 ut
1412 1769 1537 1838 milites

259 1894 402 1940 suorum
425 1892 606 1940 servorum
628 1869 778 1957 pretium
801 1868 972 1957 accipiant
993 1891 1063 1936 una
1085 1891 1163 1937 cum
1187 1870 1361 1958 stipendio
1384 1894 1468 1953 suo;
1499 1885 1538 1941 ut

260 1975 371 2065 ipsum
395 1973 544 2063 pretium
568 1972 663 2060 quod
686 1971 817 2040 domini
838 2011 882 2019 -
905 1982 975 2041 tam
998 1971 1123 2060 privati
1141 1995 1245 2060 quam
1261 1973 1450 2043 milites-
1472 1999 1536 2064 pro

259 2079 404 2168 singuiis
426 2076 538 2146 servis
560 2076 629 2145 sint
651 2074 835 2164 accepturi,
860 2075 1036 2143 drachmis
1068 2087 1204 2145 constet
1228 2077 1376 2158 vicenis;
1409 2090 1447 2146 ut
1479 2081 1537 2148 do-

260 2182 342 2251 mini
373 2180 491 2249 statim
511 2220 555 2230 -
586 2180 656 2247 scil.
689 2190 770 2267 post
800 2180 1020 2267 propositum
1054 2180 1204 2248 edictum
1234 2221 1278 2229 —
1308 2182 1538 2270 profiteantur

261 2297 346 2373 quot
377 2285 525 2373 quisque
555 2306 679 2352 servos
709 2282 909 2350 liberandos
943 2282 1079 2350 habeat.
1133 2285 1241 2352 verba
1264 2284 1368 2373 igitur
1390 2290 1445 2351 καὶ
1467 2291 1538 2371 περὶ

260 2388 376 2452 τούτων
398 2388 543 2452 ἐκθεῖναι
566 2386 753 2472 πρόσταγμα
784 2408 856 2453 non
887 2397 968 2453 sunt
990 2385 1165 2473 iungenda
1195 2409 1274 2454 cum
1305 2388 1480 2476 prioribus
1504 2401 1538 2457 et

260 2490 522 2580 insequentibus
544 2490 608 2558 sed
630 2501 723 2558 stant
745 2511 869 2576 perse
891 2488 957 2557 illis
980 2488 1094 2566 media
1128 2489 1349 2578 interposita;
1384 2492 1419 2559 id
1442 2494 1537 2581 quod

260 2593 506 2682 distinguendo
539 2592 697 2661 indicavi.
753 2592 904 2680 denique
937 2591 1018 2659 vide
1054 2592 1199 2680 singulis
1236 2593 1271 2661 in
1308 2594 1393 2663 colis
1432 2618 1537 2684 quam

259 2696 412 2765 varietur
435 2696 628 2764 subiectum
660 2718 773 2784 aquo
798 2695 870 2783 regi
902 2695 1094 2783 putandum
1118 2707 1171 2763 est
1202 2696 1409 2767 infinitivus:
1442 2721 1536 2784 apocr·

260 2802 364 2865 θεῖναι
387 2809 451 2875 τοῖς
473 2798 613 2883 ὀψωνίοις
643 2798 908 2888 magistratuum
941 2796 1118 2886 regiorum
1141 2809 1203 2883 est,
1227 2800 1418 2885 κομίζεσθαι
1441 2803 1537 2887 δραχ-

260 2906 320 2990 μὰς
342 2905 441 2967 εἴκοσι
465 2901 696 2987 dominorum,
720 2903 865 2967 ἐκθεῖναι
888 2900 1077 2986 πρόσταγμα
1099 2923 1317 2970 summorum
1343 2905 1436 2993 regis
1459 2927 1538 2972 con·

260 3006 475 3094 siliariorum,
499 3007 650 3095 denique
668 3009 857 3093 ’ἀπογραφοίς
879 3008 1041 3070 ποιεῖσθαι
1063 3028 1183 3074 rursus
1199 3007 1414 3095 singulorum
1431 3007 1538 3075 domi-

260 3134 394 3180 norum.
427 3151 470 3160 -
501 3111 546 3178 ad
577 3110 712 3199 singula
749 3121 787 3179 ut
824 3121 1052 3194 transeamus,
1092 3110 1252 3178 iocularis
1289 3122 1342 3179 est
1379 3110 1536 3200 principii

261 3212 439 3283 translatio
462 3213 586 3282 Latina
608 3213 779 3301 vulgaris:
804 3212 893 3297 ‚hinc
916 3212 972 3280 ille
994 3214 1059 3279 sub
1075 3235 1205 3299 mensa,
1230 3236 1308 3282 cum
1331 3215 1421 3281 bene
1444 3226 1537 3282 esset

261 3318 478 3402 exhilaratus
511 3316 596 3385 dixit
627 3316 666 3384 Se
696 3316 763 3385 hoc
795 3315 898 3383 etiam
921 3315 1010 3383 velle
1042 3315 1212 3403 adjicere‘.
1270 3316 1438 3384 debebat:
1472 3317 1537 3402 ,ille

261 3444 339 3490 cum
375 3421 602 3489 vehementer
638 3420 754 3488 animo
792 3431 885 3489 esset
921 3432 1118 3488 commotus
1155 3420 1254 3487 iussit
1289 3420 1370 3487 addi
1400 3421 1535 3489 —scil

260 3523 409 3613 pretium
431 3562 475 3571 -
497 3524 670 3612 stipendio
687 3523 852 3591 militum‘.
898 3526 932 3587 εὖ
949 3523 1035 3608 μοίλα
1051 3534 1085 3590 et
1100 3523 1322 3612 postponitur
1337 3524 1381 3592 ab
1396 3523 1537 3592 Aristea

261 3628 292 3696 ei
306 3629 417 3697 verbo
434 3628 478 3696 ad
494 3627 590 3716 quod
604 3627 754 3716 pertinet
771 3639 804 3696 et
820 3627 1051 3717 anteponitur,
1074 3638 1113 3694 ut
1126 3650 1159 3715 p.
1182 3647 1234 3715 52,
1257 3649 1279 3717 3
1301 3629 1350 3696 ed.
1367 3628 1535 3697 Schmidt.

262 3742 316 3795 τοῦ
332 3732 365 3796 δὲ
381 3731 581 3818 [lectitandi
599 3731 685 3817 μάλα
701 3732 987 3817 συγκροτήσανπος,
1005 3731 1108 3818 plane
1123 3742 1161 3799 ut
1176 3731 1215 3798 fit
1238 3732 1282 3800 ab
1305 3731 1379 3799 aliis
1394 3731 1537 3818 scripto-

261 3832 366 3916 ribus,
391 3856 421 3900 ν.
445 3832 591 3902 Schmid
614 3832 839 3919 ,Atticismus‘
863 3834 904 3902 Ill
926 3856 959 3921 p.
985 3853 1055 3921 137.
1079 3873 1122 3881 -—
1144 3837 1185 3898 τὰ
1206 3834 1325 3917 ὀψώνια
1347 3833 1535 3922 legitimam

262 3956 341 4002 esse
363 3935 525 4023 stipendii
548 3937 791 4025 praesentibus
814 3936 965 4005 nummis
987 3937 1154 4025 persoluti
1177 3936 1445 4025 appellationem
1468 3937 1536 4004 iam

262 4047 399 4106 constat
413 4039 458 4120 (v.
474 4036 637 4107 Wilcken
651 4040 780 4108 Abhdl.
805 4040 837 4107 d.
854 4038 943 4107 Berl.
961 4039 1070 4107 Acad.
1097 4041 1180 4107 1886
1194 4063 1226 4128 p.
1242 4062 1286 4128 49
1300 4062 1363 4128 sq,
1387 4040 1536 4128 Kenyon

262 4141 371 4210 Catal.
394 4139 477 4208 Brit.
501 4140 589 4209 Mus.
621 4166 653 4232 p.
685 4147 749 4232 55),
782 4142 1015 4230 inutiliterque
1045 4143 1213 4232 Iosephus
1244 4147 1280 4207 τὸ
1313 4144 1537 4228 μισθοφορικὸν

262 4244 447 4313 substituit.
470 4282 514 4291 —
537 4246 618 4328 είπε,
642 4268 708 4334 pro
732 4269 802 4335 quo
827 4248 888 4332 ἔφη
913 4245 1022 4314 edidit
1043 4245 1212 4333 Schmidt,
1236 4246 1367 4314 habent
1398 4245 1537 4315 codices

261 4348 344 4416 mihi
367 4348 440 4416 noti
463 4369 595 4430 omnes.

364 4472 402 4542 p.
426 4450 549 4537 4,.33.
594 4454 649 4514 καί
680 4452 824 4537 σώματος
856 4453 994 4518 ἑκάστου
1025 4452 1216 4538 κομίζεσθαι
1248 4454 1391 4539 δραχμὰς
1413 4454 1533 4517 είκοσιι

263 4568 307 4641 ,et
330 4555 487 4644 accipere
510 4553 672 4623 dominos
693 4576 759 4642 pro
782 4555 927 4645 singulis
949 4556 1061 4625 servis
1084 4556 1268 4625 drachmas
1282 4554 1444 4625 vicenas‘.
1469 4580 1538 4645 qua

261 4658 297 4728 in
330 4658 501 4727 sententia
533 4681 611 4727 cum
643 4656 759 4726 omnia
791 4659 953 4748 expedita
983 4659 1052 4727 sint
1082 4699 1125 4707 -
1148 4668 1238 4745 σῶμα
1269 4682 1344 4727 voc.
1380 4660 1537 4749 exempla

262 4760 440 4849 congessit
461 4775 542 4850 post
573 4761 661 4830 alios
691 4761 903 4830 Deissmarm
926 4762 1185 4848 ,Bibelstudien‘
1217 4785 1249 4851 p.
1276 4763 1338 4850 158
1358 4802 1410 4848 -,
1435 4785 1537 4851 quae·

261 4864 408 4933 rendum
446 4886 507 4932 cur
541 4865 711 4955 Iosephus
746 4865 877 4935 vicenis
909 4866 1072 4936 Aristeae
1109 4866 1283 4935 drachmis
1322 4865 1538 4934 substituerit
