3775 5659
887 503 930 567 ‘it

277 709 432 796 σώματα).
488 709 625 794 ,statim‘
658 719 773 776 autem
805 708 891 792 (παρ’
922 709 1015 791 αὐτοὶ,
1050 707 1096 776 ita
1130 708 1268 777 divisim
1301 707 1448 795 codices,
1480 725 1552 777 non

276 813 434 897 παραυτά)
468 812 563 900 quod
585 834 646 880 rex
669 811 906 900 professiones
928 811 1004 880 fieri
1027 811 1131 897 iubet,
1164 812 1199 880 in
1222 811 1335 880 edicto
1357 813 1551 881 accuratius

276 927 413 1006 tempus
449 916 629 985 definitur:
667 917 700 981 ἐν
735 915 865 1002 ἡμέραις
902 919 998 1001 τρισὶν
1034 916 1088 1000 ἀφ’
1124 919 1162 1002 ἧς
1192 916 1311 1001 ἡμέρας
1342 919 1484 981 ἔκκειται
1516 920 1551 980 τὸ

275 1020 464 1107 πρόσταγμα
487 1022 528 1107 (§
550 1044 592 1109 19
608 1030 644 1110 p.
668 1020 700 1101 6,
721 1020 766 1105 6).

378 1146 416 1213 p.
440 1124 477 1210 5,
502 1124 539 1193 6.
583 1126 660 1208 ὑπὲρ
692 1125 742 1207 τὰ]
774 1122 932 1191 lacunam
964 1122 1125 1192 Schmidt
1155 1136 1237 1213 post
1268 1127 1345 1209 ὑπὲρ
1377 1124 1549 1209 indicavit,

277 1227 484 1316 explendam
517 1249 593 1294 eam
625 1236 700 1311 γοῦν
731 1226 786 1293 vel
813 1228 867 1290 οὖν
889 1248 965 1293 voc.
1018 1227 1101 1294 mihi
1125 1239 1240 1294 tamen
1273 1227 1334 1295 toti
1358 1226 1551 1294 sententiae

275 1331 397 1399 melius
421 1330 608 1398 convenire
630 1329 706 1397 visa
722 1339 775 1397 est
789 1328 958 1417 particula
973 1330 1193 1399 concessiva:
1216 1352 1278 1397 rex
1295 1329 1398 1397 etiam
1414 1340 1550 1397 ceteros

273 1434 412 1502 liberari
435 1434 552 1519 voluit,
590 1456 858 1522 quamquam
884 1434 1094 1502 edocebatur
1116 1434 1166 1503 sic
1188 1457 1359 1503 summam
1383 1435 1552 1502 excedere

274 1538 402 1606 talenta
434 1536 695 1626 quadringenta.
751 1559 840 1625 quae
877 1536 1049 1605 sententia
1085 1537 1153 1605 leni
1191 1537 1379 1605 admodum
1415 1536 1551 1604 ratione

274 1639 420 1708 efficitur
430 1662 494 1729 per
509 1640 715 1729 scripturam
727 1651 761 1707 et
771 1640 1027 1709 distinctionem
1038 1642 1145 1709 hanc:
1162 1641 1336 1729 βασιλείαν,
1354 1640 1546 1723 <καίπερ>

273 1745 351 1829 ὑπὲρ
441 1744 612 1828 ἀπέφαινον
642 1744 732 1808 εἶναι.
790 1754 896 1832 atque
927 1743 962 1811 in
994 1742 1252 1812 constructione
1283 1743 1429 1812 haerere
1459 1742 1548 1810 noli:

274 1847 387 1931 καίπερ
409 1848 511 1913 ἐκεῖνό
534 1871 572 1933 γε
595 1849 684 1934 ᾤμην
707 1851 737 1912 τὶ
760 1849 838 1912 εἶναι
861 1847 930 1916 iam
954 1847 1052 1915 Plato
1068 1846 1162 1932 dixit,
1186 1868 1298 1934 symp.
1321 1867 1365 1935 34
1379 1869 1411 1934 p.
1427 1868 1493 1934 219
1508 1846 1547 1931 C,

273 1951 399 2035 καίπερ,
425 1952 451 2016 εἰ
474 1953 518 2036 μὴ
541 1951 592 2014 διὰ
623 1953 682 2036 τὴν
714 1960 772 2036 τῆς
801 1952 988 2036 συστροφίας
1020 1953 1157 2036 στοργὴν
1192 1953 1247 2013 καὶ
1280 1959 1337 2034 τῆς
1367 1948 1487 2035 χρείας,
1513 1952 1549 2012 τὸ

273 2057 332 2141 ζῆν
355 2055 425 2119 ἀντὶ
447 2056 565 2119 τούτων
587 2054 767 2140 ἐστερήθης
789 2055 905 2143 script.
929 2053 972 2122 III
995 2054 1102 2123 Mace.
1125 2074 1155 2142 5,
1179 2076 1231 2143 32·
1254 2092 1297 2101 -
1321 2056 1360 2117 τὰ
1391 2053 1449 2135 (de
1472 2053 1549 2120 arti·

272 2161 349 2229 culo
372 2183 403 2227 v.
427 2159 572 2227 Ktihner
586 2182 636 2248 gr.
655 2159 716 2228 Gr.
732 2158 781 2226 11²
797 2181 830 2246 p.
846 2162 923 2247 550)
947 2158 1135 2243 τετρακόσια
1149 2157 1356 2245 scripturam
1371 2156 1548 2245 vulgatam

272 2287 351 2332 cum
373 2268 413 2328 τὰ
436 2266 598 2349 τριακφσωι
621 2258 659 2348 (ἶ
676 2262 723 2347 Β)
746 2285 767 2330 a
789 2261 984 2331 Schmidtio
1001 2273 1248 2330 commutatam
1263 2284 1335 2329 non
1351 2259 1549 2349 oportuisse

272 2391 315 2435 ex
339 2367 389 2435 eis
414 2391 503 2456 quae
526 2379 628 2435 antea
650 2368 824 2455 disputata
848 2377 928 2434 sunt
960 2366 1090 2434 elucet:
1125 2376 1279 2434 trecenta
1311 2366 1440 2433 talenta
1473 2364 1548 2432 sive

274 2473 443 2557 1,800,ooo
477 2470 664 2538 drachmae
696 2491 767 2537 non
799 2468 1008 2537 suffecturae
1036 2468 1181 2537 fuissent
1216 2469 1281 2537 nisi
1312 2490 1432 2557 90,ooo
1453 2467 1546 2534 hom.

271 2573 468 2659 liberandis
493 2575 525 2640 h.
551 2596 579 2641 e.
604 2595 750 2641 numero
774 2571 898 2641 minori
932 2595 1037 2661 quam
1059 2574 1115 2641 vel
1137 2573 1301 2642 Andreas
1324 2571 1546 2639 indicaverat.

272 2689 345 2746 erat
381 2689 497 2746 autem
533 2677 738 2746 liberalitate
774 2676 867 2765 regis
912 2688 1033 2745 auctus
1077 2677 1213 2745 interim
1256 2697 1431 2761 numerus,
1476 2696 1548 2741 non

270 2780 477 2850 deminutus

847 3018 964 3129 §re

371 3218 409 3285 p.
434 3195 471 3281 5,
496 3195 533 3264 8.
578 3197 637 3277 oda
660 3199 822 3282 ἄχρηστον
844 3197 958 3279 οἴομαι,
977 3196 1255 3281 κατακεχωρισται
1272 3196 1429 3266 codicum
1445 3197 1547 3286 pluri·

269 3321 406 3366 morum
429 3297 600 3383 revocavi,
625 3320 703 3365 cum
726 3295 886 3365 Schmidt
901 3299 961 3361 οὐκ
984 3301 1146 3384 ἄχρηστον
1161 3299 1247 3384 οἶμαι
1263 3299 1546 3384 κατακεχωρίσθαι

270 3400 425 3469 ediderit.
472 3413 578 3490 atque
600 3400 843 3491 interpositum
866 3404 953 3488 οἶμαι
976 3402 1032 3469 vel
1054 3404 1157 3487 οἴομαι
1182 3402 1349 3491 exemplis
1372 3425 1443 3470 non
1466 3415 1546 3491 eget

268 3509 313 3589 (v.
330 3504 475 3574 Schmid
491 3505 616 3590 ,Attic.‘
640 3504 682 3572 III
697 3528 729 3593 p.
749 3509 832 3593 140),
857 3504 1134 3591 αατακεχὼρισται
1149 3517 1265 3572 autem
1280 3528 1352 3573 non
1368 3505 1545 3594 propriam

268 3607 300 3675 h.
324 3608 344 3674 l.
369 3607 658 3697 significationem
680 3608 787 3676 habet
808 3607 868 3693 (‚in
890 3619 967 3675 acta
985 3607 1123 3697 publica
1138 3608 1292 3695 reserri‘),
1317 3610 1380 3677 sed
1403 3610 1545 3678 transla-

268 3723 341 3779 tum
364 3722 417 3779 est
440 3711 485 3778 ad
508 3712 715 3800 scriptorem
738 3712 870 3801 ipsum:
895 3712 1108 3776 ὑποτέτακται
1131 3714 1175 3796 (v.
1200 3713 1300 3780 inser.
1325 3711 1490 3782 Antiochi
1506 3713 1542 3799 II,

267 3814 347 3882 bull.
373 3814 417 3881 de
440 3836 527 3881 corr.
551 3814 629 3882 hell.
653 3813 712 3882 IX.
739 3815 830 3902 1885.
855 3838 887 3903 p.
911 3816 984 3903 326,
1007 3818 1046 3883 6:
1083 3826 1138 3880 τοῦ
1169 3817 1341 3902 γραφέντος
1372 3820 1457 3900 παρὰ
1489 3827 1544 3881 τοῦ

267 3916 420 4004 βασιλέως
441 3919 681 4004 προστάγματος
714 3918 991 4005 καταπεχώριστοιι
1023 3922 1058 3982 τὸ
1082 3919 1283 4005 ἀντίγραφον,’
1316 3919 1545 4008 exemplaque

267 4018 463 4104 Wilckenii,
496 4019 615 4088 Philol.
647 4042 690 4110 53
722 4043 754 4109 p.
789 4024 872 4109 103),
905 4022 994 4090 sicut
1023 4045 1056 4110 p.
1080 4044 1109 4110 7,
1141 4045 1162 4111 3
1194 4027 1279 4111 §23
1302 4022 1406 4091 dixit:
1439 4024 1544 4106 διόπερ

267 4127 306 4186 τὰ
317 4123 491 4208 ἀντίγραφα
510 4124 758 4209 κατακεχωρικοι
769 4136 844 4212 etp.
854 4127 906 4211 66,
920 4126 1018 4214 13ed.
1029 4125 1196 4194 Schmidt.
1221 4126 1539 4213 κατακεχωρίκαμεν.

267 4226 472 4295 vertendum
505 4226 625 4315 igitur:
660 4239 775 4317 ,atque
803 4229 904 4298 edicti
936 4229 1023 4317 regii
1046 4229 1242 4317 exemplum
1265 4265 1309 4279 -
1330 4252 1402 4296 non
1424 4229 1544 4297 inutile

267 4328 302 4394 id
326 4329 475 4418 cognitu,
500 4328 626 4418 opinor
646 4370 690 4379 —-
712 4354 733 4399 a
757 4355 812 4399 me
835 4333 1028 4401 subiectum
1053 4335 1115 4401 est‘
1139 4332 1289 4420 (losephi
1305 4333 1414 4400 verba
1437 4336 1458 4417 §
1481 4352 1541 4422 27:

267 4433 367 4496 ταῦτα
390 4456 425 4497 τε
449 4433 618 4520 συνεχώρει
642 4438 697 4499 καὶ
719 4439 755 4499 τὸ
779 4436 967 4521 ἀντίγραφον
990 4448 1044 4501 τοῦ
1067 4438 1308 4521 προστάγματος
1340 4439 1382 4511 εἰς
1405 4436 1543 4521 δήλωσιν

267 4546 323 4622 τῆς
346 4547 401 4601 τοῦ
424 4537 578 4624 βασιλέως
602 4537 880 4626 μεγαλοφροσύνης
902 4542 1043 4624 ἔγνωσαν
1065 4539 1251 4624 διαφυλάξαι
1275 4540 1352 4608 sort.
1378 4552 1543 4627 corrupta

266 4652 366 4707 sunt:
396 4642 559 4724 ,έγνωσαν]
584 4642 664 4725 ἔγνω
688 4640 739 4726 W,
766 4642 848 4709 mihi
871 4646 1083 4732 suspectum‘
1107 4643 1251 4711 adnotat
1272 4643 1387 4728 Niese,
1411 4679 1454 4692 -·-
1477 4642 1542 4711 nisi

265 4741 355 4810 forte
377 4742 433 4810 ille
454 4744 539 4813 haec
562 4756 600 4814 ut
622 4745 729 4813 multa
751 4746 817 4814 alia
840 4767 918 4815 cum
940 4760 1035 4817 recte
1066 4748 1284 4837 interpretari
1316 4770 1388 4816 non
1411 4760 1540 4837 posset,
1582 4803 1585 4808 .

265 4868 330 4933 pro
353 4845 496 4914 arbitrio
518 4847 692 4935 reddidit).
