3775 5659
990 540 1034 605 46

368 741 427 827 την
443 742 529 827 παρά
544 754 600 808 σοῦ
617 742 799 830 ἐπιστολήν,
816 767 849 833 p.
868 746 951 830 μου,
971 745 1040 828 11]:
1060 746 1197 829 ἀνέγνων
1212 747 1270 830 τὴν
1285 746 1371 830 παρά
1386 753 1442 810 σοῦ
1458 744 1639 833 ἐπιστολήν,

368 847 409 914 al.
432 868 474 913 ac
495 859 683 936 propterea
705 848 806 916 etiam
823 848 955 916 hiatum
970 848 1109 917 admisit
1123 848 1292 932 Aristeas,
1315 859 1437 936 utpote
1451 848 1641 938 legitimum

367 949 403 1016 in
435 949 610 1019 locutione
639 974 705 1019 usu
736 963 876 1041 recepta
897 992 940 1000 -
963 952 1051 1020 sicut
1090 951 1229 1020 admisit
1262 952 1297 1018 in
1328 954 1355 1017 εἰ
1393 954 1487 1029 αὐτὸς
1525 953 1642 1020 verbis

369 1053 492 1120 eadem
515 1054 560 1121 de
581 1076 694 1122 causa.

474 1178 513 1246 p.
536 1156 592 1243 10,
615 1158 653 1227 6.
698 1158 939 1244 παρανέγνωμεν
962 1181 1027 1248 pro
1043 1159 1185 1247 vulgato
1210 1158 1386 1245 ἀνέγνωμεν
1402 1170 1498 1227 recte
1513 1158 1644 1246 recepit

368 1258 537 1345 Schmidt,
561 1283 593 1327 ν.
617 1261 852 1329 Freudenthal
873 1262 894 1328 l.
919 1284 947 1329 c.
971 1284 1003 1350 p.
1029 1279 1099 1349 125,
1125 1284 1152 1329 1.

475 1385 513 1452 p.
529 1363 585 1449 10,
608 1364 642 1431 7.
688 1364 780 1446 idem
798 1363 959 1433 Schmidt
975 1386 1017 1432 ex
1032 1363 1242 1432 Eusebio-
1258 1386 1408 1452 quocum
1424 1363 1553 1431 iaciunt
1576 1362 1648 1430 LN

368 1468 507 1535 codices
529 1478 689 1534 -recte
711 1467 833 1535 ascivit
855 1468 977 1532 εἰδῶσιν
993 1489 1057 1555 pro
1072 1468 1176 1531 ἴδωσιν
1192 1467 1352 1555 vulgato:
1375 1466 1567 1555 legitimum
1590 1477 1644 1534 est

368 1581 402 1637 et
425 1570 680 1659 frequentatum
703 1569 761 1638 tali
785 1570 820 1637 in
842 1593 880 1638 re
902 1570 1049 1637 verbum
1072 1569 1164 1638 illud.

469 1694 508 1762 p.
532 1670 588 1757 10,
613 1672 650 1740 9.
696 1673 854 1757 τράπεζαν
876 1675 919 1750 εἰς
941 1675 1104 1758 ἀνάδεσιν]
1128 1673 1167 1741 cl.
1184 1674 1433 1764 Dittenherger
1448 1673 1522 1761 syll.
1540 1674 1641 1744 inser.

367 1800 400 1845 n.
427 1799 497 1865 170,
524 1794 582 1843 11:
605 1776 853 1862 άφεστάλπαμεν
875 1779 918 1853 εἰς
940 1782 977 1841 τό
1000 1777 1082 1861 ἱερόν
1096 1787 1152 1841 τοῦ
1167 1776 1368 1854 ’Λπόλλωνος
1384 1788 1438 1842 τοῦ
1453 1779 1486 1842 ἐν
1501 1778 1644 1863 Διδύμοις

368 1882 427 1967 τήν
450 1904 485 1945 τε
508 1879 640 1966 λυχνίαν
662 1882 722 1964 τήν
745 1881 889 1967 μεγάλην
912 1882 968 1944 καὶ
989 1882 1125 1966 ποτήρια
1147 1892 1252 1967 χρυσᾶ
1283 1885 1338 1945 καὶ
1360 1884 1480 1966 ἀργυρᾶ
1502 1883 1545 1957 εἰς
1567 1880 1641 1945 ἀνά-

368 1986 459 2049 δεσιν
482 1994 546 2060 τοῖς
569 1984 658 2058 θεοῖς
679 1993 744 2061 τοῖς
766 1984 912 2068 Σωτηρσι
927 1984 1097 2069 κομίζοντα
1112 1984 1299 2070 Πολιάνδην
1313 1998 1371 2069 ’-,
1396 2006 1487 2073 quae
1502 1983 1642 2072 quidem

369 2087 547 2175 inscriptio
570 2099 644 2155 tota
666 2087 772 2176 digna
804 2098 858 2153 est
880 2107 969 2174 quae
1001 2085 1219 2174 inspiciatur:
1251 2098 1411 2155 versatur
1433 2086 1525 2155 enim
1548 2085 1583 2153 in
1605 2107 1643 2152 re

369 2212 513 2279 prorsus
536 2191 646 2259 simili.
693 2190 831 2260 Graeco
846 2189 951 2277 igitur
966 2190 1138 2258 vocabulo
1153 2189 1287 2278 vulgari
1305 2212 1389 2257 usus
1406 2201 1459 2258 est
1473 2189 1641 2275 Aristeas

368 2317 440 2361 non
462 2295 624 2383 proprio:
647 2295 789 2380 τράπεζα
806 2293 898 2360 enim
921 2305 979 2379 της
1001 2294 1208 2379 προθέσεως
1232 2316 1252 2361 a
1274 2292 1373 2360 LXX
1396 2293 1643 2381 interpretibus

369 2397 500 2466 dicitur.

944 2582 1062 2693 §aa

469 2747 508 2815 p.
530 2724 586 2811 10,
609 2724 663 2792 12.
707 2724 855 2808 Ἀνδρέας
876 2733 939 2788 τῶν
961 2723 1176 2809 τετιμημένων
1200 2726 1285 2807 παρὰ
1321 2726 1369 2787 σοὶ
1392 2726 1447 2787 καὶ
1468 2723 1643 2808 Ἀριστέας]

368 2827 528 2897 Schmidt
551 2830 646 2917 quod
669 2828 807 2916 scripsit
828 2868 871 2876 —
893 2850 936 2895 ex
957 2827 993 2895 B
1014 2840 1052 2895 ut
1072 2828 1211 2896 videtur
1231 2847 1292 2896 —:
1316 2830 1423 2913 ἄνδρες
1437 2838 1500 2893 τῶν
1516 2852 1642 2916 τετιμη-
1715 2915 1719 2919 Α

370 2931 468 3017 μένων
490 2935 576 3017 παρὰ
599 2935 659 3015 σοὶ,
684 2935 739 2996 καὶ
760 2931 908 3015 Ἀνδρέας
931 2934 986 2995 καὶ
1008 2931 1172 3015 Ἀριστέας
1203 2932 1297 2999 omni
1320 2942 1416 2998 caret
1448 2930 1526 2999 fide.
1572 2932 1642 2997 Ἀν-

369 3034 457 3119 δρέας
479 3045 540 3099 τῶν
564 3035 777 3121 τετιμημένων
800 3038 885 3120 παρὰ
907 3039 956 3100 σοὶ
978 3035 1096 3103 verbis
1119 3034 1322 3124 exprimitur
1345 3034 1493 3119 ’Ἀνδρέας
1516 3036 1532 3098 ό
1555 3037 1642 3121 ἀρχι-

370 3138 601 3224 σωματοφύλαξ
617 3137 784 3227 epistulae
799 3139 916 3227 regiae
932 3140 967 3225 (ᾗ
982 3144 1056 3228 33);
1072 3149 1110 3206 ut
1125 3138 1285 3206 Aristeas
1302 3137 1406 3205 etiam
1421 3137 1456 3205 in
1471 3159 1642 3225 responso

368 3240 542 3328 pontificis
565 3251 682 3309 careat
703 3241 802 3308 titulo
826 3241 1008 3330 (Iosephus
1030 3264 1154 3330 parum
1177 3251 1346 3326 accurate,
1370 3251 1408 3307 ut
1431 3239 1540 3307 solet:
1572 3239 1642 3305 Ἀν-

369 3344 458 3428 δρέας
481 3347 536 3408 καὶ
557 3344 735 3428 Ἀρισταῖος
757 3344 786 3408 ol
808 3344 989 3429 τιμιώτατοί
1013 3366 1069 3408 σου
1092 3353 1154 3408 τῶν
1176 3344 1296 3427 φίλων).

473 3446 592 3536 p.10,
623 3446 676 3514 14.
733 3448 912 3533 μετέδωκαν
944 3446 1103 3515 codicum
1136 3457 1169 3513 et
1200 3445 1341 3514 Eusebii
1372 3446 1514 3514 omnino
1545 3469 1643 3515 revo-

370 3551 518 3618 candum
541 3561 616 3618 erat
637 3573 702 3639 pro
725 3550 912 3635 παρέδωκαν
933 3550 970 3618 Β
985 3550 1114 3619 codicis
1136 3572 1156 3617 a
1174 3548 1369 3620 Schmidtio
1384 3549 1471 3618 salso
1488 3550 1642 3639 praelati.

370 3653 565 3740 μεταδιδόναι
588 3654 645 3719 τινί
668 3677 696 3718 τι
720 3665 774 3722 est
796 3676 970 3740 ,sermone
1002 3654 1150 3722 edocere
1181 3654 1331 3743 aliquem
1365 3653 1514 3742 aliquid‘,
1548 3654 1643 3742 quod

369 3757 512 3826 omnino
535 3758 603 3825 huc
625 3756 804 3837 convenit3
828 3755 868 3824 cf.
885 3756 1040 3844 Mahaffy
1055 3779 1133 3845 pap.
1150 3756 1181 3824 ll·
1200 3779 1232 3845 p.
1251 3759 1334 3843 μου,
1357 3758 1408 3845 3];
1432 3756 1497 3821 οὐδ’
1510 3756 1642 3843 Ἰμοόθη

370 3870 414 3947 τῷ
437 3862 491 3947 υἱῷ
515 3862 566 3924 ἐπὶ
589 3870 650 3925 τῶν
682 3859 784 3925 τόπων
815 3860 1056 3947 μεταδεδώκατε
1078 3864 1167 3945 (mor
1201 3872 1236 3926 to
1259 3859 1444 3945 ImouthesJ
1477 3881 1536 3947 my
1567 3881 1641 3945 son,

369 3964 451 4032 who
473 3963 503 4031 is
527 3986 572 4031 on
595 3964 654 4030 the
675 3974 765 4052 spot,
789 3963 879 4031 have
899 3986 972 4051 you
993 3963 1098 4051 given
1120 3986 1189 4052 any
1210 3962 1443 4031 information‘
1465 3962 1642 4050 Mahaffy).

369 4066 584 4135 tradiderant
599 4065 762 4133 Andreas
778 4076 812 4132 et
826 4065 986 4134 Aristeas
1008 4065 1102 4154 regis
1119 4066 1301 4155 epistulam
1317 4077 1351 4134 et
1367 4065 1511 4136 donaria
1526 4068 1562 4151 (§
1577 4070 1641 4153 35),

370 4182 552 4259 praeterea
584 4191 673 4257 quae
704 4166 760 4235 ille
792 4191 854 4236 eos
893 4169 1043 4237 iusserat
1072 4207 1116 4217 —-
1147 4192 1186 4237 ac
1220 4170 1361 4238 miserat
1392 4169 1640 4254 διαλεξομένους,

369 4276 404 4358 (§
417 4278 472 4362 33)
493 4310 545 4360 —-‚
571 4295 688 4341 coram
705 4274 917 4341 edocuerant
930 4270 1143 4352 Eleazarum.
1189 4284 1294 4363 atque
1310 4274 1453 4341 omnino
1475 4272 1558 4341 nihil
1581 4273 1644 4339 fre

371 4376 531 4466 quentius
556 4399 660 4466 quam
691 4376 854 4445 mandata
885 4376 1008 4465 legatis
1043 4400 1160 4445 coram
1192 4378 1415 4466 exsequenda
1446 4376 1641 4461 commissa,

371 4480 410 4548 cf.
435 4503 463 4547 e.
488 4502 515 4548 c.
539 4479 788 4570 Dittenberger
809 4480 883 4568 syll.
910 4502 981 4570 171,
1004 4504 1055 4548 22.
1079 4483 1131 4568 26,
1154 4481 1303 4549 Viereck
1325 4502 1437 4567 ,serm
1461 4482 1524 4567 gr.‘
1556 4501 1588 4566 p.
1611 4502 1641 4563 2,

369 4583 857 4672 dmpyfflmffid

471 4707 510 4775 p.
534 4684 589 4772 10,
616 4685 672 4754 16.
717 4686 893 4772 ἁρμόζοντα
916 4698 980 4765 τοῖς
1003 4698 1069 4762 σοῖς
1098 4687 1269 4774 γράμμασι]
1300 4687 1462 4770 γράμμασι
1485 4685 1642 4752 codicum

370 4786 637 4856 Aristeanorum
678 4809 722 4854 an
758 4789 920 4875 πράγμασι
953 4786 1229 4857 Eusebianorum
1268 4785 1446 4874 praeferas
1484 4787 1643 4855 dubitare

369 4891 458 4959 licet.
504 4914 715 4980 quamquam
746 4891 792 4958 ad
812 4891 905 4958 idem
937 4892 1011 4958 sere
1042 4893 1207 4959 redeunt:
1239 4891 1401 4977 γράμμασι
1434 4892 1582 4979 scriptor
1613 4891 1642 4957 si
