3775 5659
895 504 1099 610 *a*

358 713 450 786 enim
473 717 531 782 τινὶ
553 726 607 785 est
638 715 836 802 ,attribuere
867 716 977 785 alicui·
1009 717 1111 803 (eine
1132 718 1353 807 Anweisung
1381 718 1529 808 geben‘),
1563 739 1634 789 non

358 819 488 909 ‚partiri
511 832 545 889 et
568 819 776 889 distribuere
798 820 907 888 inter‘‚
930 820 1213 909 —participium
1236 821 1264 889 si
1280 843 1353 890 non
1369 822 1517 908 adesset,
1541 833 1635 891 esset

357 923 490 1008 άύρύοιντ
517 924 746 1009 ,universam‘,
771 947 851 1009 ,uno
874 926 1043 1013 tempore‘
1076 924 1157 1009 (,die
1187 947 1298 1013 ganze
1319 924 1465 994 Summe
1487 926 1549 995 aui
1567 927 1635 995 ein·

358 1027 459 1111 mal),
483 1026 571 1095 sicut
592 1026 739 1116 legimus
761 1028 797 1095 in
819 1027 985 1117 Mahaffyi
1008 1051 1086 1117 pap.
1111 1028 1185 1117 llp.
1209 1031 1270 1117 [27,
1286 1031 1337 1113 61:
1360 1031 1501 1093 τοῦτοδὲ
1516 1029 1634 1115 γίνεται

360 1130 411 1193 διὰ
434 1133 469 1194 τὸ
494 1133 537 1216 μὴ
562 1132 682 1215 ἄθρουν
704 1133 787 1218 ἡμᾶς
809 1132 894 1196 ἀλλά
916 1135 1002 1197 κατά
1025 1135 1133 1218 μικρὸν
1155 1132 1334 1220 λαμβάνειν;
1359 1133 1422 1200 sed
1444 1133 1553 1201 adest.
1590 1132 1634 1200 ad

358 1255 433 1301 rem
456 1234 550 1322 quod
573 1234 706 1320 attinet,
730 1235 922 1323 putandum
946 1246 999 1303 est
1021 1239 1075 1299 τὸν
1097 1236 1273 1322 διοικητήν,
1298 1235 1331 1303 h.
1355 1258 1383 1304 e.
1407 1236 1519 1318 totius
1535 1235 1632 1324 regni

357 1339 530 1407 redituum
545 1362 746 1428 supremum
761 1340 975 1428 praefectum
991 1342 1036 1422 (v,
1052 1338 1250 1407 Lumbroso
1267 1347 1326 1425 ,eo
1343 1340 1423 1428 pol.‘
1440 1361 1472 1427 p.
1488 1359 1554 1427 339
1567 1342 1634 1427 sq.)

358 1463 513 1511 summas
528 1443 745 1511 necessarias
761 1444 950 1512 attribuere
964 1444 1073 1512 iuberi
1091 1443 1273 1512 mensariis
1288 1442 1393 1532 regiis
1409 1464 1472 1531 per
1487 1464 1633 1531 regnum

360 1545 576 1639 constitutis:
601 1546 631 1614 ei
655 1546 795 1615 solvunt
818 1558 899 1636 post
921 1547 1030 1615 factas
1053 1550 1238 1632 ἀπογραφάς
1248 1546 1411 1615 dominis
1433 1546 1577 1635 privatis
1600 1557 1634 1614 et

357 1648 560 1717 militaribus
582 1689 625 1698 -
647 1650 781 1720 ratione
804 1650 944 1739 quidem
976 1673 1018 1719 ea
1050 1672 1139 1739 quae
1161 1672 1268 1739 supra
1298 1649 1472 1718 declarata
1504 1661 1557 1717 est
1587 1652 1632 1732 (ν.
1701 1684 1703 1686 ·

357 1752 401 1819 ad
424 1755 445 1836 §
470 1757 532 1840 17).
578 1754 730 1841 ὑπηρέται
752 1763 813 1818 των
844 1755 1015 1840 ταγμάτων
1036 1752 1509 1842 (,Regimentszahlmeister‘)
1539 1765 1634 1821 recte

356 1854 574 1943 appellantur
595 1854 630 1922 in
652 1855 815 1925 Aristeae
836 1856 1014 1925 codicibus
1037 1867 1071 1924 et
1086 1855 1224 1945 losephi
1238 1855 1335 1924 libris
1350 1854 1387 1923 F
1388 1855 1426 1936 V,
1447 1895 1490 1904 -
1511 1855 1632 1944 reliqui

356 1956 487 2024 habent
518 1967 580 2022 τῶν
610 1960 823 2045 πραγμάτων,
856 1960 959 2047 ¹quod
993 1958 1099 2027 Niese
1131 1970 1165 2026 et
1196 1958 1314 2027 Naber
1350 1981 1422 2026 non
1458 1958 1634 2027 debebant

357 2071 486 2127 tenere.
542 2065 732 2147 ταγματικοὶ
762 2063 914 2149 ὑπηρέται
946 2062 1106 2130 dicuntur
1137 2062 1171 2129 in
1202 2084 1281 2150 pap.
1314 2083 1367 2150 ap.
1400 2060 1632 2130 Wilckenium

358 2174 423 2231 act.
451 2165 547 2232 acad.
571 2164 685 2233 Berol.
712 2167 795 2234 1886
826 2189 858 2255 p.
892 2189 941 2254 17,
975 2165 1016 2234 cf.
1049 2188 1081 2254 p.
1105 2185 1148 2255 55
1170 2188 1222 2254 sq.
1272 2164 1423 2253 denique
1452 2164 1633 2233 articulum

357 2268 452 2356 quod
484 2269 647 2338 omittunt
677 2269 817 2338 codices
848 2270 1020 2355 Aristeae,
1054 2271 1186 2338 addunt
1215 2267 1372 2360 losephi,
1405 2267 1461 2335 illa
1493 2289 1634 2356 quoque

355 2370 445 2438 ratio
467 2382 562 2439 recte
584 2372 699 2458 habet,
724 2395 935 2462 quamquam
958 2384 1039 2455 sunt
1070 2372 1230 2440 homines
1261 2393 1406 2460 prorsus
1438 2369 1576 2456 diversi,
1599 2392 1631 2436 v.

356 2471 515 2562 Krueger
537 2475 581 2543 ad
603 2474 761 2564 Thucyd.
784 2475 798 2542 l
820 2478 871 2561 26,
895 2498 916 2543 2
938 2476 980 2544 al.

458 2597 496 2667 p.
529 2575 567 2663 6,
599 2577 654 2646 19.
699 2579 879 2663 ἐκεκύρωτο
900 2580 933 2643 ἐν
956 2580 1086 2665 ἡμέραις
1108 2580 1199 2663 ἑπτά]
1233 2601 1305 2646 non
1336 2589 1496 2666 spectant
1525 2578 1633 2644 verba

358 2679 402 2746 ad
435 2679 547 2768 ipsam
579 2680 819 2749 liberationem
850 2692 888 2749 ut
909 2681 1059 2772 losepho
1091 2683 1204 2750 visum
1236 2684 1271 2765 (§
1301 2700 1362 2769 33:
1398 2680 1567 2766 γενομένου
1597 2680 1633 2743 δέ

357 2783 468 2847 τούτου
492 2784 615 2870 ταχέως
637 2785 671 2849 ἐν
692 2785 774 2850 ἑπτά
797 2796 865 2863 ταῖς
887 2787 1003 2864 πάσαις
1025 2786 1154 2872 ἡμέραις
1176 2786 1265 2862 τέλος
1279 2785 1402 2870 εἰλήφει
1419 2787 1459 2849 τὰ
1474 2783 1634 2869 δοχθέντα

361 2894 406 2969 τῷ
429 2886 576 2973 βασιλεῖ),
600 2888 663 2955 sed
686 2888 731 2955 ad
753 2888 922 2957 edictum:
957 2902 1153 2979 ‚postquam
1184 2889 1232 2957 ita
1261 2887 1425 2976 placitum
1457 2899 1510 2954 est
1540 2889 1634 2968 (οὕτω

357 2989 489 3074 δοχθέν,
516 2990 574 3077 qui
606 3003 659 3057 est
690 2992 907 3060 accusativus
938 2993 1128 3077 absolutus
1159 3015 1192 3059 v.
1224 2992 1269 3059 ad
1302 3013 1353 3058 vs.
1385 2993 1450 3074 22),
1484 2988 1633 3057 edictum

356 3093 446 3161 intra
467 3106 603 3183 septem
626 3096 760 3164 dierum
783 3098 933 3185 spatium
956 3098 1125 3165 sancitum
1158 3096 1220 3165 luit
1250 3096 1456 3180 (ἐκεκύρωτο)
1486 3117 1506 3160 a
1528 3093 1631 3181 rege‘.

935 3439 1052 3551 §aa

458 3638 496 3707 p.
521 3615 558 3702 6,
590 3615 654 3684 20.
708 3614 871 3680 ταλάντων
902 3614 1073 3693 ἑξακοσίων
1104 3614 1285 3704 ἑξήκονταῙ.
1303 3613 1406 3682 etiam
1436 3614 1465 3681 si
1495 3612 1632 3703 Iosephi

357 3720 529 3788 correctio
563 3720 718 3803 (τάλαντα
754 3718 780 3783 δ’
811 3720 888 3802 ύπέρ
925 3718 1081 3803 ἑξήκοντα
1111 3721 1166 3781 καὶ
1197 3719 1386 3802 τετρακόσιοι
1417 3727 1479 3781 τῶν
1513 3717 1633 3801 λύτρων

357 3824 496 3909 ἐγένετο)
520 3833 661 3912 praesto
685 3844 757 3889 non
780 3833 882 3905 esset,
907 3820 1134 3888 dubitandum
1157 3812 1346 3887 luissetde
1364 3819 1419 3886 tal.
1434 3820 1508 3886 660.
1532 3829 1633 3885 norat

358 3949 419 3993 rex
442 3937 524 4016 post
547 3926 702 3994 adiectos
735 3947 777 3992 ex
808 3946 872 3992 sua
903 3924 1081 3991 voluntate
1112 3923 1269 4012 captivos
1301 3944 1363 3990 eos
1398 3921 1456 4010 qui
1487 3933 1567 3989 ante
1599 3931 1633 3987 et

357 4041 438 4118 post
459 4028 622 4098 Soterem
645 4028 679 4095 in
702 4027 905 4116 Aegyptum
928 4025 1161 4110 devenissent,
1193 4047 1282 4114 opus
1314 4026 1388 4093 fore
1419 4025 1496 4114 plus
1529 4046 1632 4113 quam

356 4156 421 4221 400
443 4132 499 4199 tal.
522 4134 557 4216 (ᾗ
582 4135 644 4219 15),
668 4130 743 4199 sive
765 4152 807 4196 ex
829 4128 1029 4197 vicenarum
1052 4129 1255 4197 drachmum
1277 4128 1412 4200 ratione
1432 4128 1633 4197 liberandos

357 4258 436 4304 esse
458 4235 536 4322 plus
560 4257 664 4323 quarn
689 4256 824 4301 120000
845 4232 1016 4300 homines,
1063 4231 1216 4301 inclusae
1245 4245 1361 4300 autem
1393 4244 1466 4299 tum
1497 4230 1632 4298 fuerant

357 4337 528 4422 mulieres,
552 4358 584 4404 v.
608 4340 630 4421 §
651 4355 690 4426 9:
723 4337 815 4401 τὸδὲ
838 4336 947 4400 λοιπὸν
968 4337 1056 4421 χύμα
1079 4336 1293 4422 πρεσβυτέρων
1315 4339 1370 4400 καὶ
1392 4333 1560 4418 νεωτέρων,
1586 4336 1632 4397 ἐτι

357 4443 391 4505 δὲ
414 4449 585 4526 γυναικῶν,
611 4442 715 4504 εἴασεν
747 4441 789 4517 εἰς
820 4442 878 4525 τὴν
910 4439 1076 4504 οἰκετείαν.
1132 4438 1200 4506 iam
1233 4438 1335 4528 igitur
1366 4437 1401 4504 in
1433 4439 1632 4521 ἀπογραφαῖς

357 4543 443 4633 ipsis
466 4554 605 4633 praeter
628 4543 828 4632 opinionem
852 4543 1022 4610 accedunt
1044 4543 1149 4607 πολλὰ
1172 4552 1235 4607 τῶν
1256 4540 1478 4627 ἐπιμαστιδίων
1500 4539 1630 4621 τέκνων,

356 4669 421 4735 pro
446 4647 570 4736 quibus
592 4685 635 4694 -
658 4668 769 4734 aeque
791 4668 831 4714 ac
855 4668 919 4735 pro
952 4644 1139 4712 infantibus
1171 4644 1360 4712 maioribus
1391 4664 1431 4710 ac
1463 4640 1631 4709 matribus

358 4771 447 4837 quae
470 4750 543 4818 iure
566 4751 812 4818 deferebantur
833 4790 875 4798 -—
899 4751 1098 4818 vicenarum
1118 4749 1320 4815 drachmum
1336 4747 1485 4835 pretium
1501 4743 1631 4813 domini

356 4852 557 4941 poscebant.
604 4854 670 4921 hoc
693 4866 807 4921 autem
833 4853 938 4921 modo
962 4854 991 4921 si
1008 4876 1046 4920 re
1062 4873 1146 4919 vera
1160 4850 1330 4918 extitisset
1345 4872 1481 4918 summa
1494 4851 1559 4918 660
1574 4847 1630 4914 tal.
