3775 5659
887 521 908 586 3

346 728 429 804 ἰδίοις
460 730 546 792 κατὰ
577 729 636 811 τὴν
657 725 815 791 Ἰουδαίων
846 734 997 811 χρῶνται,
1030 726 1181 810 καθάπερ
1212 724 1377 809 Αἰγύπτιοι
1412 735 1451 809 τῇ

161 857 177 908 ¹.
346 840 409 895 τῶν
448 830 639 916 γραμμάτων
682 829 784 912 θέσει,
827 830 916 893 καθδ
954 831 1009 893 καὶ
1049 831 1155 915 ιρωνὴν
1196 829 1274 892 ἰδίαν
1311 831 1449 914 ἐχουσιν.

211 907 215 934 Γ
347 934 618 1021 ὑπολαμβάνονται
649 934 790 1019 Συριακὴ
823 934 983 1019 χρῆσθαι·
1036 936 1072 996 τό
1103 932 1130 996 δ’
1160 934 1218 996 οὐκ
1249 934 1346 1014 ἐστιν,
1382 932 1454 997 ἀλλ’

348 1040 452 1122 έτερος
488 1036 620 1121 τρόπος.
682 1038 868 1124 μεταλαβών
909 1037 942 1100 δέ
981 1038 1104 1100 ἕκαστα
1143 1037 1160 1100 ό
1201 1035 1346 1122 βασιλεὺς
1384 1039 1454 1101 είπε

139 1180 166 1229 ρ.
184 1161 215 1212 15
235 1160 264 1211 S.
315 1149 332 1206 5
354 1151 511 1227 γραφήναι
534 1144 609 1227 πρός
630 1144 685 1205 τὸν
707 1141 855 1227 ἀρχιερέα
882 1150 951 1207 ,τῶν
972 1140 1141 1223 Ἰουδαίων,
1175 1142 1259 1216 ὅπως
1289 1142 1330 1203 τὰ
1350 1163 1453 1226 προει-

346 1244 466 1331 ρημένα
489 1241 651 1309 τελείωσιν
673 1245 768 1331 λάβη.

449 1348 577 1434 νομίσας
609 1349 643 1411 δέ
675 1349 739 1433 ἐγὼ
771 1352 879 1433 καιρόν
910 1351 990 1412 είναι
1022 1352 1091 1432 περί
1122 1349 1165 1411 ών
1187 1348 1341 1424 πολλάκις
1364 1347 1453 1433 ἡξιώ
1499 1358 1515 1411 ῖ

347 1473 414 1516 κειν
448 1451 599 1537 Σωσίβιόν
633 1473 668 1514 τε
699 1454 753 1515 τὸν
784 1451 976 1536 Ταραντῖνον
1007 1454 1063 1514 καί
1092 1451 1241 1533 Ἀνδρέαν
1272 1453 1343 1526 τοὺς
1366 1452 1454 1535 ἀρχι-

348 1555 635 1640 σωματοφύλακας,
678 1557 747 1638 περὶ
788 1565 846 1639 της
877 1554 1126 1639 ἀπολυτρώσεως
1156 1562 1219 1617 τών
1251 1554 1455 1639 μετηγμένων

287 1667 324 1722 10
348 1659 387 1721 ἐκ
419 1668 476 1743 τής
506 1657 658 1735 Ἰουδαίας
689 1660 749 1722 ὑπό
781 1669 836 1723 τοῦ
870 1662 987 1743 πατρὸς
1018 1668 1074 1722 τοῦ
1097 1658 1248 1744 βασιλέως
1272 1696 1312 1707 -
1335 1658 1454 1735 ἐκεῖνος

347 1763 408 1845 γὰρ
431 1762 579 1827 ἐπελθών
610 1765 650 1826 τὰ
673 1766 757 1826 κατά
790 1762 901 1848 κοίλην
923 1762 1040 1847 Συρίαν
1062 1764 1118 1826 καὶ
1139 1761 1291 1847 Φοινίκην
1314 1764 1452 1845 ἅπαντα,

349 1863 569 1949 συγχρώμενος
601 1865 751 1951 εὐημερίᾳ
783 1869 863 1950 μετὰ
894 1865 1054 1950 ἀνδρείας,
1089 1868 1160 1940 τοὺς
1193 1866 1249 1949 μέν
1282 1864 1453 1949 μετῴκιζεν

348 1969 399 2042 οὓς
421 1968 455 2031 δέ
486 1968 705 2053 ήχμαλώτιζε,
740 1969 824 2055 φόβῳ
856 1969 961 2033 πάντα
987 1968 1151 2053 ὑποχείρια
1184 1968 1375 2054 ποιούμενος·
1423 1968 1455 2031 ἐν

348 2072 412 2155 όσῳ
444 2073 498 2136 καί
528 2075 603 2157 πρός
635 2073 714 2137 δέκα
745 2073 895 2158 μυριάδας
926 2074 966 2136 ἐκ
997 2082 1054 2156 τῆς
1085 2080 1147 2136 τῶν
1168 2071 1325 2135 Ἰουδαίων
1347 2070 1454 2156 χώρας

290 2183 325 2238 15
350 2176 392 2249 εἰς
428 2174 591 2258 Αἴγυπτον
630 2175 822 2260 μετήγαγεν·
892 2174 946 2258 ἀφ’
990 2175 1033 2238 ών
1070 2174 1145 2258 ώσεὶ
1185 2184 1267 2258 τρεῖς
1308 2173 1456 2258 μυριάδας
1503 2183 1518 2236 8

349 2278 553 2354 καθοπλίσας
584 2279 702 2363 ἀνδρῶν
734 2280 897 2344 ἐκλεκτῶν
929 2280 972 2355 εἰς
1003 2280 1062 2363 τὴν
1092 2277 1200 2363 χώραν
1222 2276 1401 2362 κατῴκισεν
1423 2279 1457 2341 ἐν

350 2392 415 2457 τοῖς
456 2381 620 2465 φρουρίοις·
684 2383 747 2467 ήδη
789 2384 845 2468 μέν
878 2384 933 2462 καί
964 2381 1112 2465 πρότερον
1144 2381 1260 2445 ἱκανῶν
1291 2380 1455 2465 εἰσεληλυ-

350 2484 455 2549 θότων
488 2488 543 2548 σὺν
576 2493 619 2569 τῷ
651 2485 772 2570 Πέρση,
806 2489 861 2549 καί
892 2488 951 2570 πρὸ
984 2485 1100 2549 τουτων
1132 2484 1246 2568 ἑτέρων
1269 2493 1456 2570 συμμαχιῶν

350 2586 632 2673 ἐξαπεσταλμένων
663 2591 738 2673 πρὸς
769 2591 822 2653 τόν
855 2595 917 2654 τῶν
940 2587 1104 2652 Αἰθιόπων
1135 2587 1267 2674 βασιλέα
1290 2587 1456 2672 μάχεσθαι

288 2701 328 2756 20
352 2695 407 2756 σὺν
430 2691 651 2777 Ψαμμητίχῳ·
698 2692 829 2756 ἀλλὀὐ
857 2702 1000 2756 τοσοῦτοι
1023 2700 1067 2776 τῷ
1089 2691 1211 2776 πλήθει
1234 2691 1457 2776 παρεγενήθη-

351 2817 409 2860 σαν
439 2796 530 2872 ὅσους
561 2794 759 2880 Πτολεμαῖος
775 2796 805 2890 ,ό
839 2805 894 2859 τοῦ
920 2795 1031 2878 Λάγου
1064 2794 1239 2880 μετήγαγε·
1286 2794 1398 2868 καθώς
1420 2792 1455 2855 δέ
1503 2800 1518 2854 9

349 2899 548 2984 προείπομεν,
583 2898 728 2977 ἐπιλέξας
759 2903 830 2974 τοὺς
862 2897 1006 2982 ἀρίστους
1037 2908 1106 2973 ταῖς
1128 2898 1265 2982 ἡλικίαις
1288 2902 1343 2961 καὶ
1368 2896 1457 2982 ῥώμη

349 3002 550 3086 διαφέροντας
589 3000 800 3084 καθώπλισε,
845 3004 881 3064 τδ
912 3001 947 3064 δὲ
978 3001 1086 3065 λοιπὸν
1117 3000 1206 3085 χόμα
1242 3002 1458 3087 πρεσβυτέρων

350 3108 405 3168 καὶ
435 3103 604 3188 νεωτέρων,
637 3106 683 3168 ἔτι
715 3104 749 3167 δὲ
780 3110 952 3188 γυναικών,
988 3105 1093 3167 εἴασεν
1124 3104 1168 3178 είς
1201 3105 1259 3187 τὴν
1289 3101 1455 3185 οἰκετείαν,

288 3215 326 3272 25
350 3210 410 3293 οὐχ
433 3211 531 3284 οὕτως
554 3217 594 3292 τῇ
617 3207 795 3291 προαιρέσει
817 3209 902 3270 κατὰ
925 3206 1034 3291 ψυχὴν
1065 3208 1149 3290 ἔχων
1174 3206 1215 3282 ώς
1237 3207 1457 3290 κατακρατοό-

350 3332 439 3396 μενος
469 3311 541 3389 ξὺπδ
582 3317 643 3373 τών
684 3318 882 3393 στρατιωτῶν
922 3309 960 3373 δι’
999 3311 1035 3384 όίς
1066 3308 1254 3394 ἐπεποίηντο
1287 3309 1394 3394 χρείας
1427 3309 1459 3372 ἐν

350 3424 415 3490 τοῖς
445 3413 628 3497 πολεμικοῖς
656 3415 775 3497 ἀγῶσιν
810 3435 859 3460 -·
884 3414 978 3498 ἡμεῖς
1009 3414 1043 3477 δὲ
1074 3412 1143 3476 ἐπεί
1175 3434 1243 3476 τινα
1274 3413 1459 3497 παρεώρεσιν

351 3518 393 3594 εἰς
416 3519 475 3602 τήν
497 3516 651 3582 ἀπόλυσιν
685 3519 788 3581 αὐτῶν
819 3517 1032 3604 ἀπελοίβομεν,
1066 3517 1177 3593 καθώς
1207 3517 1456 3602 προδεδήλωται,

351 3620 500 3696 τοιούτοις
522 3619 735 3705 ἐχρησάμεθα
758 3619 863 3703 λόγοις
884 3623 959 3704 πρὸς
981 3623 1034 3683 τὸν
1057 3620 1212 3706 βασιλέα·

289 3732 329 3788 30
453 3723 597 3810 εμήποτε
620 3724 737 3809 ἄλογον
759 3726 780 3808 ἡ
805 3724 1004 3810 ἐλέγχεσθαι
1028 3724 1080 3787 ὑπ’
1103 3726 1207 3788 αὐτῶν
1230 3732 1292 3788 τῶν
1315 3723 1460 3808 πραγμά-
1486 3733 1522 3786 10

352 3849 425 3910 των,
458 3828 648 3914 ώβασιλεῠ·
705 3838 763 3912 της
792 3831 853 3912 γὰρ
884 3827 1073 3913 νομοθεσίας
1104 3828 1252 3913 κειμένης
1279 3837 1360 3915 Ιποῖσι
1395 3836 1458 3902 τοῖς

351 3928 509 4006 Ἰουδαίοις
532 3934 571 3978 -’-
595 3931 636 4015 ἡν
657 3931 749 4016 ἡμεῖς
771 3932 806 3995 οὐ
831 3930 922 4016 μόνον
945 3931 1145 4016 μεταγράψαι
1168 3931 1350 4016 ἐπινοοῦμεν
1373 3929 1457 3993 ἀλλὰ

352 4036 408 4095 καὶ
430 4033 646 4120 διερμηνεῠσαι
671 4073 723 4118 -,
749 4034 816 4099 τίνα
847 4035 942 4120 λόγον
974 4034 1083 4120 ἕξομεν
1114 4038 1188 4119 πρὸς
1220 4033 1402 4118 ἀποστολήν
1424 4032 1457 4095 ἐν

352 4136 515 4212 οἰκετείαις
547 4138 751 4225 ὑπαρχόντων
782 4139 815 4203 ἐν
846 4149 885 4224 τὴ
919 4149 960 4223 σή
994 4138 1137 4225 βασιλείᾳ
1169 4138 1306 4223 πληθῶν
1331 4136 1459 4217 ἱκανῶν,

455 4361 479 4417 1.
497 4362 619 4417 ίουάαίων
638 4363 723 4428 Hm,
742 4364 859 4416 ίουδαίαν
876 4365 922 4431 ερί,
941 4363 1058 4415 ἰουδαίαν
1076 4376 1115 4416 ex
1133 4380 1179 4413 -ων
1197 4362 1221 4412 όι
1252 4360 1264 4430 β
1294 4360 1325 4415 3.
1344 4361 1460 4425 ὑπολαμ-

353 4450 477 4516 βάνονται
494 4448 527 4500 δὲ
538 4449 609 4514 Eua,
621 4449 663 4502 όπ.
672 4450 722 4510 μὲν
733 4450 842 4503 conieci
862 4447 874 4517 Ιί
886 4452 1022 4517 σοριαααίς
1037 4451 1051 4498 ό
1063 4448 1067 4517 ἡ
1072 4447 1076 4515 Ι
1096 4447 1128 4502 4.
1137 4451 1152 4501 ὁ
1170 4449 1289 4503 seclusit
1298 4448 1426 4502 Schmidt
1447 4447 1459 4516 ίί

354 4533 386 4591 6.
398 4537 476 4601 λάβοι
492 4552 516 4603 ρ,
529 4534 631 4601 λάβωσι
642 4535 678 4585 Hs
698 4533 710 4603 ἡ
729 4533 775 4589 10.
793 4536 845 4586 ἀπὸ
854 4541 904 4603 τῆς
914 4537 935 4585 L
947 4534 960 4604 ίΙ
979 4533 1024 4591 12.
1042 4533 1206 4606 μετῴκισενε
1217 4535 1230 4604 Η
1241 4533 1287 4589 13.
1296 4535 1360 4593 τοὺς
1374 4534 1405 4586 ἀὲ
1423 4533 1459 4603 ιβ

353 4622 456 4674 ἅπαντα
483 4622 521 4673 Hs
552 4619 565 4692 Η
592 4618 639 4677 16.
666 4619 862 4688 ἓκλελεγμένων
890 4621 912 4670 L
942 4619 955 4688 Η
983 4619 1030 4676 18.
1057 4621 1103 4672 σὺν
1122 4634 1175 4675 om.
1196 4621 1218 4671 l.
1236 4621 1266 4674 in
1292 4621 1348 4674 fine
1374 4634 1415 4673 VS.
1445 4619 1459 4688 ἡ

353 4704 400 4762 19.
431 4708 615 4776 αἰγυπτίωνώ
647 4706 659 4776 Ιί
692 4705 745 4761 2⁰.
769 4707 925 4776 ψαμμιτίχω
955 4708 1015 4762 fere
1034 4709 1059 4757 Z
1088 4707 1100 4776 ἡ
1130 4710 1167 4777 τῷ
1194 4707 1291 4775 πλήθει
1322 4721 1376 4760 om.
1406 4705 1461 4774 ¹²11

353 4791 407 4848 24.
425 4794 535 4845 οἰκπίαν
553 4794 614 4848 fero
632 4794 663 4860 Z,
681 4794 728 4847 hie
763 4796 793 4847 et
810 4796 912 4861 postea
939 4791 952 4862 Η
980 4791 1033 4848 27.
1051 4794 1118 4858 ἐπεί,
1136 4793 1163 4844 εί
1178 4806 1217 4846 ex
1236 4807 1308 4846 corr.
1327 4807 1364 4845 m.
1382 4794 1409 4854 2,
1428 4793 1461 4856 H,

355 4880 402 4932 ια
424 4862 468 4931 ινΙ

1308 4962 1342 5017 χιι
