3775 5659
877 428 920 493 39

263 635 403 725 fingitur
424 636 518 725 regis
532 636 706 721 προαίρεσις
721 637 809 706 haec
822 646 861 703 ut
875 634 1052 704 volumina
1067 657 1157 724 quae
1178 657 1242 723 per
1256 657 1296 703 se
1308 633 1345 701 id
1361 645 1537 701 merentur

263 739 367 823 (ἀξίως
389 749 451 804 τῶν
474 740 681 825 πραγμάτων)
704 739 739 807 in
761 740 839 808 loco
864 761 968 828 quam
992 739 1141 808 maxime
1174 736 1373 825 conspicuo,
1406 737 1425 819 i.
1449 759 1478 804 e.
1502 736 1536 805 in

262 844 360 931 regia
390 843 609 930 bibliotheca,
642 854 856 933 reponantur
886 845 1009 928 (δῶμεν
1041 842 1207 928 εὐσήμως),
1241 840 1282 908 cl.
1314 840 1349 909 in
1381 839 1536 929 epistula,

263 950 284 1032 §
306 968 357 1035 31,
382 948 486 1015 haec:
518 947 556 1012 ἵν’
578 947 705 1033 ὑπάρχῃ
730 951 908 1012 καὶταῦτα
930 947 1002 1031 παρ’
1026 947 1102 1031 ἡμῖν
1124 946 1157 1010 ἐν
1180 943 1371 1032 βιβλιοθήκῃ
1396 948 1451 1008 σὺν
1473 956 1537 1021 τοῖς

263 1050 370 1127 ἄλλοις
402 1050 576 1137 βασιλικοῖς
598 1050 735 1138 βιβλίοις.
781 1052 903 1115 τιθέναι
932 1048 1162 1138 ‚deponendi‘,
1187 1046 1400 1136 ,reponendi‘
1432 1069 1537 1116 sensu

262 1164 384 1221 notum
408 1163 469 1239 est,
493 1163 531 1219 ut
553 1153 638 1221 satis
660 1153 762 1221 suerit
784 1152 940 1221 attulisse
972 1152 1168 1240 exemplum
1200 1173 1306 1218 unum
1337 1151 1436 1218 verbi
1459 1174 1536 1220 cum

262 1256 430 1323 adverbio
462 1256 576 1343 iuneti,
600 1256 735 1325 Tobiae
756 1258 787 1343 6,
810 1275 850 1345 5:
883 1260 938 1321 καί
961 1258 1049 1321 εἶπεν
1071 1257 1087 1320 δ
1111 1255 1258 1339 ἄγγελος·
1304 1254 1462 1340 εἀνοὶτεμε
1483 1257 1537 1318 τὸν

263 1359 370 1444 ἰχθύν,
396 1362 451 1423 καὶ
472 1360 577 1447 λαβὼν
600 1362 658 1445 τήν
681 1360 811 1444 καρδίαν
834 1363 947 1423 καὶτὸ
970 1362 1057 1444 ἧπαρ
1080 1361 1135 1422 καὶ
1157 1360 1215 1443 τὴν
1237 1358 1340 1443 χολὴν
1362 1358 1420 1434 θὲς
1435 1358 1536 1441 ἀσφα-

262 1461 352 1539 λῶς’;
380 1472 465 1547 ,tuto
488 1463 641 1550 repone‘.
686 1463 796 1530 verbo
818 1486 891 1531 non
913 1462 1087 1530 intellecto
1112 1460 1339 1546 συναγάγωμεν
1362 1459 1538 1528 substituit

263 1564 441 1652 Iosephus.
600 1607 603 1612 <

364 1688 402 1757 p.
439 1666 476 1752 8,
511 1667 547 1736 2.
601 1667 727 1755 εὐτύχει
769 1669 823 1751 (cs.
857 1669 901 1736 ad
934 1671 956 1753 §
986 1670 1043 1757 38)
1074 1679 1112 1735 ut
1143 1666 1385 1756 pervulgatum
1418 1677 1471 1733 est
1505 1665 1539 1733 in

263 1767 419 1856 epistulis
442 1770 804 1860 hypomnematisque,
828 1771 984 1839 additum
1007 1771 1057 1834 διὰ
1079 1774 1194 1847 παντὸς
1224 1793 1295 1838 ηοω
1318 1767 1458 1837 memini
1481 1791 1538 1835 me

263 1872 390 1961 legere.
436 1895 648 1963 quamquam
672 1873 754 1963 quin
777 1874 930 1963 legitima
966 1874 1010 1942 sit
1032 1873 1180 1942 formula
1212 1896 1284 1942 non
1316 1872 1455 1940 dubito:
1488 1872 1538 1936 διὰ

261 1979 377 2052 παντὸς
399 1976 524 2065 legitur
547 1976 703 2045 similiter
725 2000 753 2044 e.
776 2001 809 2065 g.
833 1999 912 2065 pap.
936 1977 1044 2046 Paris.
1068 2001 1100 2066 p.
1124 1998 1197 2065 371,
1220 1994 1280 2065 52:
1309 1979 1364 2040 καὶ
1387 1976 1436 2039 ἀεὶ
1459 1976 1538 2060 [μὲ)ν

262 2081 395 2164 εὔχομαι
418 2090 483 2157 τοῖς
506 2082 594 2158 θεοῖς
616 2080 831 2161 διασώζεσδαί
854 2103 889 2146 σε
913 2084 968 2146 καὶ
991 2084 1031 2145 τοὶ
1054 2083 1160 2167 [παρὰ]
1185 2090 1239 2145 τοῦ
1254 2078 1407 2166 βασιλέως
1421 2080 1536 2164 εὐμενῆ

261 2183 311 2247 διὰ
332 2186 448 2260 παντὸς
470 2185 560 2249 είναι.

839 2440 865 2549 ς
892 2440 956 2525 ιω.

364 2640 402 2708 p.
428 2618 465 2704 8,
478 2617 524 2702 λ4.
571 2617 772 2703 σημάναντας
802 2614 943 2683 Eusebii
966 2655 1009 2663 —
1031 2617 1204 2702 δηλοῦντας
1225 2616 1394 2705 Iosephus
1416 2616 1538 2706 plurali

262 2734 296 2790 et
320 2723 394 2811 ipse
417 2743 563 2790 numero
585 2760 629 2769 -
650 2719 721 2787 noli
743 2719 920 2808 praeferre
942 2719 1132 2804 σημάναντοι
1151 2719 1334 2807 singulari:
1358 2720 1388 2788 is
1402 2721 1538 2810 positus

262 2838 315 2894 est
337 2846 482 2915 prorsus
505 2847 548 2892 ex
570 2845 669 2894 more
691 2825 736 2907 (ν.
759 2822 919 2910 Krueger
940 2845 993 2910 gr.
1017 2820 1078 2891 Gr.
1102 2825 1154 2907 61,
1186 2845 1216 2910 4,
1239 2826 1283 2911 3).
1329 2823 1538 2912 intellegitur

261 2929 391 2998 scilicet
413 2928 443 3013 is
465 2928 579 3014 homos
596 2926 693 3011 cuius
716 2946 841 3012 munus
865 2937 918 3010 est
942 2925 1115 2993 conficere
1137 2925 1303 3014 epistulas
1326 2926 1450 3015 regias.

363 3053 401 3122 p.
435 3031 481 3117 8,
514 3030 578 3116 9.,4
605 3029 841 3115 βισκοιρὺλακας
871 3028 1208 3114 (‚Tresorwuehter‘)
1241 3040 1275 3096 et
1306 3030 1538 3114 ῥισκοφυλάκια

261 3139 306 3223 (p.
317 3137 368 3221 28,
379 3156 421 3223 23
431 3134 480 3203 ed.
491 3132 845 3220 §clamatquamquam
857 3132 1014 3199 nondum
1024 3130 1163 3200 aliunde
1171 3131 1343 3218 novimuS,
1356 3133 1427 3201 noli
1443 3134 1537 3202 dubi-

262 3251 336 3306 tare
368 3238 451 3327 quin
481 3236 624 3326 proprie
654 3235 815 3305 Aristeas
841 3234 1076 3328 appellaverit.
1130 3234 1311 3324 (Iosephus
1343 3239 1364 3321 §
1393 3259 1433 3324 41
1467 3242 1538 3314 τοὺς

261 3343 407 3426 φύλακας
429 3350 490 3405 τῶν
513 3342 665 3428 κιβωτῶν,
691 3340 723 3404 ἐν
745 3342 795 3416 αίς
817 3339 993 3425 ἐτύγχανον
1016 3339 1044 3403 οἱ
1066 3338 1152 3403 λίθοι
1175 3338 1434 3427 circumscribit,
1457 3363 1536 3427 χρη·

262 3446 490 3533 μαποιρύλακας
506 3443 694 3512 γΕιιοοίνίιιο
707 3442 906 3528 substituit).

363 3543 405 3639 p.
419 3547 456 3634 8,
472 3546 528 3615 10.
569 3546 767 3634 νομίσματος)
784 3545 962 3636 ,pecuniae
977 3545 1145 3633 signatae‘
1161 3543 1351 3631 (νομίσματα
1367 3544 1536 3633 Schmidt,

262 3676 304 3720 ex
326 3651 362 3720 B
377 3652 517 3741 opinor,
541 3651 635 3720 haud
650 3655 766 3737 recte).
812 3651 843 3719 ei
866 3651 1030 3740 opposita
1045 3660 1126 3718 sunt
1141 3649 1241 3733 ὁλκῆς
1255 3650 1397 3715 τοίλαντα
1412 3652 1476 3733 (vs
1492 3655 1535 3738 7),

260 3758 293 3823 h.
319 3779 347 3823 e.
371 3757 534 3826 materies
556 3756 675 3846 pondo
698 3766 879 3826 numerata
902 3778 944 3823 ex
962 3776 1030 3843 qua
1045 3753 1169 3820 fierent
1184 3752 1338 3822 donaria.
1384 3765 1537 3822 ceterum

261 3859 395 3946 νόμισμα
419 3860 688 3950 intellegendum
712 3881 790 3928 esse
812 3860 844 3926 h.
868 3858 888 3926 l.
913 3870 1096 3947 argentum
1120 3879 1162 3924 ex
1193 3856 1349 3945 epistulis
1371 3860 1416 3946 (p.
1441 3881 1472 3946 9,
1495 3881 1535 3926 21

262 3966 348 4051 §33
371 3974 406 4030 et
427 3985 459 4050 p.
485 3985 534 4049 10,
561 3986 598 4031 11
624 3966 724 4051 §35)
746 3961 914 4031 videmus.

363 4086 402 4155 p.
435 4064 472 4151 8,
504 4065 549 4133 11.
595 4067 691 4151 ἄλλα]
724 4069 778 4131 τοι·
797 4066 883 4131 ἄλλα
915 4087 993 4132 cum
1026 4077 1060 4131 et
1090 4064 1238 4153 legerint
1268 4065 1300 4131 h.
1324 4064 1344 4131 l.
1368 4064 1537 4153 Iosephus

261 4169 316 4250 (είς
347 4167 461 4245 θυσίας
494 4172 549 4233 καὶ
580 4173 635 4246 τὰς
666 4170 776 4245 λοιπὰς
798 4168 918 4255 χρείας)
941 4166 1183 4255 Eusebiusque
1215 4178 1249 4235 et
1279 4177 1403 4255 postea
1425 4169 1460 4252 (β
1482 4170 1537 4255 33)

262 4270 337 4359 ipse
360 4272 488 4342 habeat
509 4271 679 4358 Aristeas
704 4272 780 4340 lort.
805 4272 1044 4361 recipiendum
1067 4270 1138 4339 tuit.

364 4397 402 4464 p.
427 4375 464 4461 8,
487 4375 540 4444 12.
585 4375 626 4452 ὡς
649 4378 740 4440 ἂν
766 4375 952 4462 διέλθωμεν)
977 4374 1045 4460 ,ubi
1061 4372 1354 4463 percurrerimus‘.
1401 4372 1440 4440 cl.
1459 4374 1538 4461 §38

260 4500 293 4565 p.
312 4500 360 4563 11,
377 4497 416 4567 3;
433 4479 474 4557 ὡς
488 4479 562 4564 ἂνν)
580 4481 766 4564 μεταγραιρν)
782 4478 913 4565 γένηται
928 4488 991 4543 τῶν
1007 4478 1143 4566 βιβλίων,
1159 4501 1191 4566 p.
1207 4496 1259 4564 51,
1279 4478 1319 4544 16
1333 4477 1382 4545 ed.
1400 4476 1538 4545 Schms

261 4580 303 4657 ὡς
325 4582 362 4648 ἂν
393 4582 540 4668 ἀποφήνῃ
573 4581 742 4668 (simulac
772 4581 1031 4671 responderis‘),
1062 4604 1142 4671 pap.
1176 4580 1283 4649 Paris.
1316 4603 1349 4668 p.
1380 4597 1536 4668 314,17;

261 4686 316 4747 καί
338 4684 432 4760 αὐτὸς
453 4685 499 4768 δέ,
525 4686 567 4762 ὡς
588 4687 626 4749 ἂν
649 4684 841 4771 εὐκαιρήσω,
866 4695 1063 4771 παραχρῆμα
1085 4684 1260 4771 παρέσομαι
1283 4684 1358 4768 πρὸς
1374 4706 1422 4767 σε,
1447 4683 1538 4751 Deu-

261 4797 371 4855 teron.
395 4807 446 4875 27,
469 4805 509 4876 3:
533 4789 574 4867 ὡς
596 4791 634 4854 ἂν
657 4789 787 4876 διαβῆτε
809 4791 863 4853 τὸν
878 4788 1037 4876 Ἰορδάνην
1052 4788 1093 4856 al.
1117 4786 1234 4872 (etiam
1250 4809 1303 4876 ap.
1321 4786 1401 4855 Eus.
1418 4808 1536 4876 praep.
