3775 5659
982 541 1024 604 24

471 773 509 840 p.
542 750 578 836 4,
610 750 663 818 21.
726 748 827 817 simili
859 770 979 816 errore
1010 748 1065 816 ille
1097 771 1138 816 ex
1168 747 1204 815 B
1234 747 1355 816 ascivit
1386 748 1516 834 βουλὰς,
1549 747 1644 836 quod

370 866 484 923 ortum
520 865 574 921 est
606 877 648 921 ex
679 852 878 921 coniectura
909 874 1021 940 eaque
1052 853 1145 920 haud
1177 852 1279 919 bona.
1338 850 1467 919 scilicet
1499 852 1645 938 ἐπιβολὰς

370 957 560 1046 genuinum
583 979 661 1025 cum
694 956 729 1024 in
752 956 848 1023 L-
871 955 928 1044 qui
962 955 1074 1021 codex
1105 954 1150 1022 ad
1182 953 1329 1022 eandem
1361 976 1400 1021 ac
1432 952 1467 1020 B
1498 953 1645 1021 classem

370 1061 521 1148 pertinet
541 1100 586 1109 -
608 1059 803 1127 transiisset
824 1058 859 1126 in
882 1058 1049 1146 ἐπιβουλὰς
1071 1057 1156 1143 (sic),
1180 1058 1377 1146 corruptela
1398 1055 1645 1146 progrediente

370 1162 450 1230 hinc
473 1162 507 1230 in
529 1161 564 1229 B
586 1161 713 1229 sactum
730 1160 923 1249 επιβουλὰς.
948 1190 992 1211 -a
1014 1173 1167 1229 ceterum
1190 1159 1230 1227 cf.
1253 1159 1356 1228 Diod.
1380 1158 1422 1226 ΠΙ
1437 1181 1466 1247 3,
1493 1176 1529 1226 1:
1553 1158 1644 1244 Σεμί-

369 1287 460 1350 ραμιν
483 1264 529 1348 δέ,
555 1273 598 1349 τῷ
622 1264 752 1350 μεγέθει
776 1273 836 1327 τῶν
859 1265 1012 1352 ἐπιβολῶν
1035 1267 1090 1328 καὶ
1112 1263 1253 1347 πράξεων
1275 1262 1540 1348 διωνομασμένην.
1615 1320 1618 1324 .

335 1388 338 1393 “
475 1389 513 1456 p.
536 1367 572 1452 4,
596 1367 657 1436 22.
702 1367 907 1450 διανακὺψας,
942 1389 1007 1455 pro
1031 1365 1287 1454 quodnamque
1318 1364 1465 1434 coniecit
1486 1364 1646 1434 Schmidt

371 1472 547 1560 habetque
570 1493 692 1538 revera
715 1495 759 1556 m,
784 1470 974 1540 Graecitati
989 1470 1070 1537 huic
1084 1469 1358 1558 compositorum
1377 1490 1481 1557 quarn
1497 1469 1646 1537 maxime

369 1573 497 1641 amanti
520 1573 661 1642 omnino
684 1573 856 1641 convenit.

948 1830 974 1939 g
1003 1834 1065 1916 14.

475 1998 512 2065 p.
536 1975 572 2061 4,
596 1975 645 2043 23
669 1995 731 2064 sq.
775 1996 840 2061 pro
863 1976 1027 2057 παρεστὼς
1049 1983 1084 2039 et
1115 1973 1273 2041 codicum
1305 1985 1339 2041 et
1368 1973 1506 2065 Iosephi
1538 1979 1573 2060 (§
1604 2000 1647 2064 24

371 2079 585 2165 ὑποτυχόντος
600 2080 634 2143 δέ
648 2077 808 2162 Ἀνδρέου,
826 2077 1032 2162 παρειστήκει
1047 2077 1121 2161 γάρ)
1144 2080 1302 2162 προεστὼς
1317 2100 1501 2166 perperam
1518 2078 1646 2148 editum

372 2206 393 2250 a
415 2181 619 2266 Schmidtio,
644 2180 762 2250 nescio
786 2202 868 2248 num
892 2201 935 2248 ex
956 2178 1000 2248 B.

480 2307 518 2374 p.
542 2284 578 2370 4,
602 2284 663 2352 24.
708 2284 904 2369 ἀπεφήνατο·
944 2285 1058 2371 βραχεῖ
1074 2284 1184 2349 πλεῖον
1199 2296 1293 2353 recte
1309 2284 1391 2353 olim
1414 2297 1489 2354 erat
1511 2286 1648 2356 distinc-

373 2402 446 2458 tum
477 2389 649 2474 (φήσαντος
680 2387 777 2473 ὀλίγῳ
810 2386 956 2461 πλείονας
983 2389 1116 2452 ἔσεσθαι
1149 2397 1211 2453 τῶν
1244 2389 1357 2453 ἕνδεκα
1382 2391 1535 2475 μυριάδων
1557 2391 1646 2476 los).

374 2515 465 2582 quae
487 2492 596 2559 verba
619 2513 697 2559 cum
720 2490 755 2559 in
777 2489 812 2557 B
834 2489 1078 2578 interpolando
1102 2501 1221 2559 essent
1243 2502 1374 2560 mutata
1406 2492 1441 2558 in
1463 2492 1648 2577 ἀπεφήνατο

373 2598 409 2661 έν
428 2596 513 2682 λόγῳ
537 2596 649 2681 βραχεῖ
672 2595 793 2677 πλεῖον,
818 2592 979 2662 Schmidt
1001 2594 1186 2679 ἀπεφήνατο
1209 2595 1263 2679 [ἐν]
1287 2594 1372 2680 λόγῳ
1395 2597 1509 2681 βραχεῖ
1529 2595 1648 2659 πλεῖον

373 2698 488 2768 edidit.
535 2709 612 2765 uter
635 2708 751 2766 autem
782 2718 957 2781 numerus
981 2697 1143 2765 Aristeae
1176 2698 1255 2762 δέκα
1286 2721 1330 2765 an
1351 2697 1489 2785 Iosephi
1520 2698 1645 2779 ἕνδεκα,

373 2801 621 2870 adsciscendus
655 2799 700 2868 sit
736 2811 853 2889 potest
890 2800 1028 2888 ambigi.
1089 2802 1301 2890 computatio
1340 2801 1431 2869 enirn
1468 2801 1648 2870 hominum

372 2905 632 2973 liberandorum
657 2926 735 2971 curn
758 2914 851 2971 esset
873 2904 963 2972 sacta
995 2904 1201 2992 plusquam
1234 2905 1487 2994 quadringenta
1521 2907 1649 2973 talenta

374 3031 453 3077 esse
476 3008 599 3075 effecta
621 3018 768 3096 uterque
799 3007 949 3095 scriptor
982 3006 1096 3076 refert.
1142 3009 1187 3076 ad
1220 3031 1296 3077 eam
1330 3020 1446 3078 autem
1477 3031 1647 3077 summam

371 3135 436 3200 per
457 3111 595 3200 Iosephi
611 3111 771 3179 undecim
788 3111 964 3200 myriades
978 3113 1122 3201 propius
1138 3113 1313 3181 acceditur
1329 3136 1433 3202 quam
1448 3135 1512 3201 per
1527 3113 1648 3181 decem

373 3216 553 3284 Aristeae:
579 3237 621 3281 ex
644 3215 700 3282 illa
723 3216 814 3282 enim
838 3216 973 3283 ratione
995 3256 1038 3263 —-
1060 3216 1087 3283 si
1111 3216 1254 3298 vicenae
1277 3218 1464 3284 drachmae
1495 3238 1559 3304 pro
1583 3216 1649 3283 sin·

372 3319 462 3408 gulis
493 3318 692 3386 hominibus
723 3319 1077 3408 persolvebantur-
1099 3319 1195 3386 initio
1228 3342 1316 3408 opus
1351 3331 1425 3386 erat
1453 3318 1568 3407 366²!3
1592 3319 1647 3386 tal.

372 3425 523 3507 (110000
535 3427 570 3499 ><
583 3444 625 3488 20
637 3420 686 3488 dr.
704 3443 775 3509 arg.
787 3421 873 3506 [sive
890 3443 952 3489 120
967 3421 1016 3487 dr.
1034 3422 1139 3510 cupri,
1156 3445 1187 3488 V.
1200 3422 1244 3489 ad
1260 3425 1281 3506 §
1300 3424 1349 3511 15]
1366 3451 1405 3479 =
1416 3444 1588 3508 2‚200,ooo
1597 3422 1646 3487 dr.

374 3548 446 3613 arg.
472 3553 510 3582 =
535 3526 599 3613 366
622 3525 677 3592 tal.
701 3547 787 3612 4000
809 3524 884 3609 dr),
910 3548 987 3593 cum
1012 3548 1054 3592 ex
1077 3525 1141 3593 hae
1165 3548 1236 3593 non
1259 3525 1343 3593 fiant
1366 3526 1431 3593 nisi
1452 3526 1567 3613 333¹]3
1592 3523 1646 3590 tal.

374 3632 524 3714 (100000
549 3636 584 3709 ><
609 3650 652 3696 ao
685 3627 734 3694 dr.
760 3656 799 3685 =
822 3651 994 3715 2,ooo,0oo
1017 3629 1066 3696 dr.
1094 3660 1129 3685 =
1153 3651 1217 3718 333
1240 3630 1295 3697 tal.
1327 3652 1413 3696 2000
1435 3628 1508 3712 dn).
1543 3625 1649 3694 credi-

373 3732 484 3801 derim
508 3745 624 3800 tamen
647 3731 826 3820 scriptoris
849 3732 993 3800 consilio
1018 3733 1128 3822 magis
1152 3733 1339 3801 convenire
1353 3752 1534 3799 numerum
1557 3730 1648 3797 hunc

375 3837 563 3905 minorem:
588 3835 699 3923 magis
722 3834 813 3901 enim
837 3834 885 3902 sic
902 3835 1096 3903 declaratur
1112 3835 1262 3904 liberalis
1277 3833 1491 3921 Philadelphi
1514 3832 1649 3901 animus

374 3941 465 4009 ultro
489 3939 647 4028 augentis
670 3937 806 4026 copiam
830 3948 864 4005 et
886 3938 1065 4006 hominum
1088 3938 1347 4006 liberandorum
1380 3947 1414 4004 et
1436 3959 1648 4004 summarum

374 4066 439 4132 pro
475 4044 524 4111 eis
556 4066 598 4111 ex
629 4065 710 4109 arca
742 4041 839 4130 regia
872 4042 1192 4130 persolvendarum.
1248 4040 1374 4114 etenim
1407 4064 1483 4109 cum
1516 4040 1650 4108 dicatur

375 4144 587 4235 computatio
611 4168 653 4212 ex
675 4143 768 4232 regis
784 4145 948 4213 mandato
972 4145 1019 4212 ita
1035 4167 1113 4214 esse
1135 4143 1289 4212 instituta
1303 4156 1341 4212 ut
1356 4144 1500 4233 captivis
1514 4142 1650 4211 ludaeis

375 4273 396 4317 a
426 4249 553 4320 Sotere
584 4246 742 4316 abductis
774 4249 1084 4316 adnumerarentur
1112 4248 1215 4316 etiam
1248 4248 1278 4316 ei
1310 4249 1368 4337 qui
1400 4259 1458 4315 aut
1489 4257 1569 4314 ante
1591 4257 1650 4314 aut

374 4365 456 4442 post
486 4353 574 4421 illius
606 4364 764 4442 tempora
795 4354 830 4446 in
852 4353 1053 4442 Aegyptum
1086 4352 1317 4439 devenissent,
1350 4362 1578 4440 narreturque
1610 4373 1651 4418 ea

376 4458 511 4525 ratione
542 4458 733 4525 necessitas
770 4457 909 4546 cognita
945 4457 1104 4526 solvendi
1140 4458 1217 4546 plus
1255 4480 1359 4546 quam
1397 4455 1650 4544 quadringenta

377 4561 525 4628 talenta:
550 4562 741 4629 secundum
763 4561 926 4630 Aristeae
940 4585 1106 4630 numeros
1129 4562 1173 4630 ad
1189 4561 1345 4650 captivos
1365 4560 1423 4649 qui
1446 4561 1490 4627 ab
1506 4558 1651 4627 Andrea

377 4664 677 4752 computabantur,
703 4687 745 4732 ex
768 4664 876 4755 ipsius
897 4667 1000 4755 regis,
1026 4689 1130 4755 quem
1152 4666 1279 4734 frustra
1310 4665 1487 4732 deterrere
1510 4662 1651 4731 student

377 4766 484 4851 aulici,
503 4766 682 4834 voluntate
698 4768 867 4834 accedunt
882 4768 975 4836 haud
991 4768 1104 4836 minus
1120 4791 1287 4836 20000-
1303 4777 1419 4834 tantae
1435 4765 1527 4834 enim
1542 4764 1651 4832 multi·

379 4867 487 4935 tudini
520 4891 562 4937 ex
593 4868 793 4937 vicenarum
825 4870 1028 4939 drachmum
1066 4870 1201 4939 ratione
1237 4868 1428 4958 respondet
1461 4869 1555 4955 66²!ss
1593 4867 1648 4935 tal.
