3775 5659
979 510 1000 574 6

888 601 1090 609 ———-

439 718 473 778 τὸ
497 715 616 779 δίκαιον
639 719 694 780 καὶ
725 718 785 801 την
816 719 900 781 κατά
931 717 1057 781 πάντων
1088 717 1249 804 εὐσέβειαν
1273 719 1542 805 »προστετάχαμεν

438 822 498 884 ὁσα
522 829 583 884 τῶν
605 820 788 886 Ἰουδαϊκῶν
820 823 886 886 ἐστι
919 821 1074 907 σωμάτων
1105 822 1138 885 ἐν
1169 822 1334 899 οἰκετείαις
1364 826 1457 887 παντί
1488 826 1544 886 καί

440 923 519 987 καθ’
555 924 691 989 ὁντινοῦν
728 925 840 1009 τρόπον
882 927 915 990 ἐν
952 936 992 1010 τῇ
1034 925 1178 1012 βασιλείᾳ
1215 927 1437 1011 κομιζομένους
1474 931 1545 1004 τοὺς
1588 946 1659 1013 ...18
1678 946 1705 999 s,

440 1028 574 1112 ἔχοντας
604 1030 639 1090 τὸ
671 1026 874 1113 προκείμενον
905 1028 1078 1112 κεφάλαιον
1110 1028 1323 1093 ἀπολύειν-
1347 1033 1402 1093 καὶ
1425 1031 1543 1117 μηδένα

441 1128 653 1215 κακοσχὸλως
683 1134 753 1215 περί
784 1131 901 1196 τούτων
935 1133 1032 1218 μηδὲν
1063 1134 1250 1217 οἰκονομεῖν,
1276 1169 1316 1181 -
1340 1135 1396 1209 τὰς
1418 1133 1445 1198 δ’
1466 1137 1543 1199 ἀπο·
1588 1142 1606 1199 ῦ

439 1236 562 1318 γραφάς
585 1234 619 1297 ἐν
640 1233 771 1319 ἡμέραις
793 1238 889 1320 τρισὶν
912 1236 966 1320 ἀφ’
996 1239 1035 1321 ἧς
1056 1236 1174 1322 ἡμέρας
1207 1231 1350 1301 ἔκκειται
1381 1241 1429 1301 τδ
1448 1238 1543 1322 πρὸσ-
1567 1275 1571 1284 ·

441 1358 572 1422 ταγμα,
619 1339 781 1403 ποιεῖσθαι
815 1342 889 1423 πρὸς
920 1342 991 1415 τοὺς
1022 1337 1281 1423 καθεσταμένους
1311 1344 1381 1424 περὶ
1411 1341 1542 1423 τούτων,

379 1449 416 1503 211
442 1441 707 1517 καταδεικνύντας
730 1442 809 1506 εὐθὺ
833 1444 888 1506 καί
919 1444 960 1505 τά
988 1442 1132 1527 σῶματα·
1180 1443 1385 1528 διειλήφαμεν
1406 1446 1468 1528 γάρ
1490 1446 1545 1509 καὶ

437 1544 513 1628 ἡμῖν
537 1544 701 1630 συμφέρειν
721 1548 780 1609 ’καὶ
802 1555 867 1621 τοῖς
888 1546 1051 1631 πράγμασι
1080 1545 1165 1610 τοῦτ’
1187 1546 1445 1631 ἐπιτελεσθῆναι.
1492 1549 1546 1612 τδν

439 1648 474 1711 δὲ
497 1647 685 1735 βουλόμενον
706 1649 958 1735 προσαγγέλλειν
979 1653 1049 1735 περὶ
1071 1657 1133 1714 τῶν
1156 1650 1413 1735 ἀπειθησάντων,
1447 1648 1496 1734 ἐφ’
1518 1651 1542 1735 ᾧ
1570 1659 1607 1713 10

440 1761 493 1815 τοῦ
517 1751 665 1836 φανέντος
687 1752 800 1837 ἐνὸχου
832 1756 891 1839 την
921 1753 1048 1838 κυρείαν
1079 1752 1169 1832 έξειν·
1225 1756 1266 1816 τά
1296 1753 1330 1818 δὲ
1361 1754 1544 1839 ὑπάρχοντα

438 1863 500 1919 τῶν
524 1857 671 1920 τοιούτων
694 1858 736 1933 εἰς
758 1859 794 1920 τὸ
817 1858 978 1944 βασιλικὸν
1001 1857 1288 1944 άναληφθησεταί.

376 1968 410 2022 21
541 1959 738 2036 εἰσδοθέντος
769 1962 804 2025 δέ
835 1972 890 2025 τοῦ
921 1962 1164 2048 προστάγματος
1194 1963 1278 2037 ὁπως
1309 1960 1543 2044 ἐπαναγνωσθη

439 2071 483 2147 τῷ
507 2061 642 2148 βασιλεῖ,
667 2066 708 2126 τὰ
730 2063 816 2127 ἄλλα
838 2063 929 2128 πάντ’
944 2067 1074 2151 ἔχοντος
1096 2063 1181 2149 πλην
1203 2073 1258 2128 τοῦ
1280 2061 1444 2148 ί<ὁμοίως
1466 2062 1539 2138 δέ>

438 2169 493 2229 καί
516 2168 544 2229 εἰ
565 2188 646 2242 τινες
667 2176 811 2252 προησαν
833 2169 854 2253 ἢ
878 2171 933 2231 καὶ
957 2170 1037 2253 μετά
1060 2169 1161 2232 ταῦτά
1182 2169 1258 2232 εἰσιν
1280 2165 1458 2253 εἰσηγμένοι
1481 2174 1543 2231 τῶν
1569 2174 1605 2231 15

437 2270 605 2353 τοιούτων,
630 2272 723 2347 αὐτὸς
745 2281 839 2336 τοῦτο
870 2272 887 2336 ὁ
909 2272 1056 2358 βασιλεὺς
1089 2270 1287 2356 προσέθηκε,
1313 2269 1543 2356 μεγαλομερείᾳ

437 2377 492 2438 καὶ
514 2373 738 2461 μεγαλοψυχίᾳ
759 2375 969 2461 χρησάμενος,
995 2374 1146 2440 ἐκέλευσέ
1169 2396 1205 2439 τε
1227 2378 1286 2460 την
1312 2382 1375 2440 τῶν
1390 2373 1543 2458 διαφὸρων

437 2478 533 2561 δὸσιν,
559 2477 680 2562 ἀθρόαν
695 2480 803 2563 οὖσαν,
829 2480 1016 2564 ἀπομερίσαι
1032 2491 1097 2555 τοῖς
1111 2479 1279 2565 ὑπηρέταις
1294 2489 1357 2543 τῶν
1372 2478 1543 2563 ταγμάτων

439 2585 495 2646 καί
530 2582 704 2669 βασιλικοῖς
741 2584 950 2666 τραπεζίταις·
1011 2587 1093 2648 ούτω
1129 2583 1249 2668 δοχθὲν
1287 2583 1464 2666 ἐκεκύρωτο
1509 2582 1542 2646 ἐν

378 2695 416 2749 22
440 2685 570 2770 ἡμέραις
592 2685 686 2750 ἑπτά.
732 2686 842 2751 πλεῖον
872 2687 907 2749 δέ
939 2686 1103 2751 ταλάντων
1134 2685 1305 2764 ἑξακοσίων
1333 2684 1490 2770 ἑξήκοντα
1520 2684 1542 2768 ἡ
1567 2693 1606 2748 20

438 2789 522 2865 δύσις
553 2788 706 2874 ἐγεγὸνει·
761 2790 867 2853 πολλὰ
897 2792 959 2873 γάρ
990 2792 1046 2854 καί
1077 2798 1138 2853 τῶν
1170 2788 1392 2874 ἐπιμαστιδίων
1423 2787 1543 2852 τέκνων

443 2896 498 2956 σὺν
531 2901 600 2968 ταῖς
632 2893 785 2978 μητράσιν
817 2893 1062 2978 ἠλευθεροῦντο·
1117 2891 1427 2977 προσανενεχθέντος
1458 2891 1492 2954 δὲ
1515 2891 1542 2955 εἰ

436 2999 491 3058 καὶ
506 2999 576 3080 περὶ
591 2995 709 3060 τούτων
725 2995 974 3082 εἰκοσαδραχμία
991 2996 1177 3081 δοθήσεται,
1202 2998 1257 3059 καὶ
1272 2993 1357 3058 τοῦτ’
1371 2994 1542 3058 ἐκέλευσεν

436 3100 452 3163 ὁ
484 3100 629 3185 βασιλεὺς
668 3110 780 3183 ποιεῖν,
824 3100 1004 3185 ὁλοσχερῶς
1046 3103 1116 3184 περὶ
1156 3109 1211 3164 τοῦ
1253 3098 1398 3177 δόξαντος
1428 3097 1542 3162 ἅπαντ’

437 3202 601 3266 ἐπιτελῶν.
1567 3208 1605 3265 25

375 3314 411 3369 23
544 3306 585 3382 ὡς
616 3306 649 3369 δὲ
681 3305 897 3391 κατεπράχθη
929 3315 1042 3387 ταῦτα,
1076 3307 1130 3370 τὸν
1164 3304 1343 3391 Δημήτριον
1374 3304 1543 3369 ἐκέλευσεν

442 3409 594 3474 εἰσδοῦναι
630 3411 700 3493 περὶ
737 3418 794 3493 της
837 3416 899 3472 τῶν
943 3407 1126 3472 Ἰουδαϊκῶν
1169 3405 1293 3494 βιβλίων
1337 3407 1540 3492 ἀντιγραφῆς·

537 3582 561 3637 1.
575 3584 659 3634 πάντα
676 3581 719 3643 L¹,
732 3597 804 3636 corr.
819 3580 853 3631 [ι’
867 3580 880 3651 l!
901 3580 931 3636 2.
951 3582 1020 3634 ἐστιν
1034 3585 1085 3633 τῶν
1098 3581 1227 3645 σωμάτων
1241 3581 1269 3630 N
1273 3562 1284 3603 Ῑ
1306 3580 1318 3650 ΙΙ
1338 3580 1461 3638 οἰκετίαις
1470 3580 1543 3639 NH..

436 3670 550 3727 οἰκέταις
578 3670 600 3719 L
630 3669 642 3738 β
670 3668 711 3720 καί
738 3686 757 3728 τ,
783 3668 821 3737 μὴ
849 3670 875 3718 Ζ
900 3667 912 3739 β
942 3667 973 3723 3.
1002 3671 1115 3720 ὁντινοῦν
1138 3650 1233 3734 ΝῙρι,
1264 3669 1396 3719 ὁντιναοῦν
1433 3666 1499 3716 1ιΗο
1527 3665 1540 3735 β

437 3754 468 3809 4.
486 3755 628 3821 κεφάλαιον
638 3769 692 3808 om.
705 3754 730 3802 Η
747 3752 760 3822 l!
780 3751 810 3807 7.
829 3753 1189 3818 καύεοταμένοοςὸύίιωίᾱί,
1200 3735 1540 3820 κατεσταμένουςΗύΝΠ,

436 3838 662 3903 κατεσταλμένους
678 3840 708 3889 Ν
712 3822 742 3890 Is
761 3839 774 3908 β
795 3838 826 3895 8.
845 3838 877 3894 9.
896 3841 938 3891 καί
956 3841 1016 3909 ημῖν
1030 3840 1089 3901 LN,
1107 3842 1167 3910 ημῖν
1187 3841 1224 3890 Hs
1244 3839 1256 3908 β
1275 3838 1321 3894 10.
1340 3837 1383 3904 ἐφ’
1391 3828 1415 3908 ᾧ
1432 3839 1541 3906 scripsi,

436 3926 489 3996 ἔφη
500 3925 580 3995 (ἔφην
596 3928 628 3992 ρ)
640 3927 665 3976 Ζ
673 3926 701 3979 εἰ
710 3940 776 3994 pars
785 3943 806 3985 ε,
824 3926 866 3977 ἐπὶ
884 3927 919 3980 al.
937 3925 972 3994 νβ
992 3924 1030 3980 11.
1040 3927 1144 3993 κυρείαν
1158 3925 1215 3985 LN,
1232 3924 1321 3992 κυρίαν
1332 3925 1369 3976 Ην
1387 3924 1400 3993 Η
1419 3921 1464 3978 12.
1483 3924 1543 3976 ἀνα-

437 4012 625 4082 λημφύήσεται
652 4030 684 4072 ιιι,
713 4011 961 4081 ἀναίηβφύὴσετοιι,
990 4019 1002 4065 1
1032 4013 1072 4065 lit.
1101 4027 1149 4076 er„
1179 4013 1209 4068 H.
1237 4010 1507 4081 ἀναλομφύησεταιρ
1527 4011 1539 4079 Η

435 4097 481 4153 13.
508 4098 539 4149 ύέ
566 4103 607 4163 Ην,
636 4112 689 4152 0111.
721 4099 774 4149 LN
800 4098 812 4168 ΙΙ
841 4099 886 4155 14.
913 4100 1006 4151 καὶτὰ
1025 4101 1074 4154 Ios.
1095 4099 1107 4168 β
1126 4100 1211 4151 πάντα
1237 4099 1280 4168 σΙί
1300 4100 1400 4162 ὁμοίως
1421 4100 1451 4150 δὲ
1479 4099 1540 4151 add.

436 4183 563 4237 Schmidt
582 4182 595 4253 Ιί
614 4182 660 4238 15.
681 4183 743 4234 εἰσὶν
755 4184 905 4253 εἰσηγμένοι
921 4189 964 4251 Ην,
983 4186 1133 4255 εἰσηγμένοι
1151 4185 1199 4237 εἰσί
1220 4184 1273 4234 LN
1290 4184 1302 4255 β
1322 4183 1368 4240 16.
1387 4186 1467 4243 αὐτὸς
1483 4185 1541 4241 Ios..

436 4270 501 4322 αὐτὸ
519 4271 555 4321 Ζι
575 4271 587 4341 β
606 4268 651 4325 17.
669 4272 716 4338 τὴν
733 4275 785 4322 τῶν
803 4291 820 4323 α
839 4273 897 4336 Ios„
915 4277 967 4323 τῶν
986 4273 1060 4323 ceteri
1088 4271 1100 4340 β
1127 4270 1175 4327 18.
1193 4273 1384 4340 πραγμάτοιν
1403 4271 1416 4341 β
1435 4269 1541 4326 19.καί

436 4356 559 4420 τοίςβασ.
572 4358 621 4411 Ios.
642 4354 654 4427 Ιί
675 4356 727 4412 20.
737 4356 826 4410 πλεῖον
837 4358 871 4422 Ν,
880 4357 976 4410 πλείων
990 4359 1033 4422 Ισ,
1046 4359 1074 4411 et
1083 4362 1113 4423 Η,
1123 4359 1173 4411 sed
1186 4359 1292 4412 acuent.
1302 4360 1333 4412 in
1342 4372 1396 4412 ras.
1407 4358 1455 4424 (ex
1470 4360 1481 4372 ⁸
1491 4355 1514 4421 ἰ)
1526 4355 1538 4425 >l

436 4442 588 4512 ἑξακοσίων]
616 4445 790 4513 τετρακοσίων
816 4446 880 4507 vid„
899 4445 1050 4512 legendum
1079 4459 1143 4499 eum
1171 4446 1219 4498 Ios.
1241 4445 1253 4514 β
1282 4443 1334 4498 22.
1352 4443 1543 4506 ἐλευθεροῦντο
1625 4471 1627 4475 ·

437 4512 548 4596 ῖΝῙρ,
577 4531 607 4585 in
633 4535 656 4582 Η
682 4530 803 4599 ὴμίεοιλ)
830 4531 860 4585 in
886 4545 941 4585 ras.
969 4546 1005 4585 m.
1032 4531 1153 4596 ἳίοιιέ
1181 4532 1204 4597 ῖ)
1233 4529 1245 4600 β
1274 4530 1305 4581 δὲ
1323 4534 1356 4581 Ην
1381 4529 1414 4595 (ρ
1433 4531 1467 4597 1),
1487 4544 1540 4584 om.

438 4597 550 4665 LNHm
571 4615 583 4686 β
603 4615 656 4671 23.
675 4616 950 4686 εἰκοσαδραγμίσίνθί
960 4618 1047 4668 εἰκοσα
1057 4617 1186 4686 ὁραχμιά)
1198 4616 1280 4681 MN,
1299 4614 1378 4667 εἴκοσι
1386 4615 1505 4685 ὁραγμία
1521 4634 1540 4678 s,

436 4701 528 4753 έκατὸν
555 4701 634 4754 εἰκοσι
651 4703 769 4773 δραχμαὶ
789 4704 837 4756 [ον.
865 4702 877 4773 ΙΙ
906 4701 959 4757 24.
978 4703 1080 4754 ἅπαντα
1105 4721 1118 4754 ι
1146 4703 1158 4772 β
1187 4702 1240 4758 26.
1259 4700 1351 4770 ὡςδὲ]
1369 4716 1468 4757 rursus
1486 4704 1540 4758 inc.

436 4788 527 4841 Εαιού.
548 4787 561 4858 β
580 4793 619 4858 τῷ
636 4791 773 4859 δημητρίῳ
792 4790 815 4840 Ι.
835 4788 847 4857 ΙΙ
874 4787 926 4843 27.
944 4790 1063 4841 ἐκδοῦναι
1089 4790 1146 4844 iet
1163 4790 1291 4857 plerique
1309 4788 1387 4842 oodd.
1409 4789 1508 4857 Ιοτορῖιὶ
1526 4789 1538 4858 β

438 4873 596 4944 ἀναγραφῆς
613 4876 662 4929 Ios.
681 4877 711 4930 et
728 4875 790 4928 Fan.
