3775 5659
979 489 1022 555 42

898 582 1102 591 ——---

365 698 628 788 inscriptionum
670 698 884 767 sollemniter
928 710 1174 787 conceptarum
1220 698 1315 766 velut
1353 698 1568 767 Rosettanae
1608 708 1642 766 et

364 803 544 871 Taniticae
565 841 609 851 -
630 802 793 871 rationes.
838 813 919 870 sunt
941 802 1034 870 enim
1056 803 1165 871 verba
1187 802 1240 887 ἀφ’
1274 806 1316 869 ὼν
1347 806 1411 886 (vs.
1437 807 1491 889 19)
1512 842 1556 852 —
1578 814 1642 882 τοῖς

365 916 431 984 σοῖς
453 906 595 981 πολίταις
609 909 680 1006 (νε.
704 910 760 995 24)
783 906 1002 995 parenthesis
1024 907 1131 975 modo
1155 907 1359 996 interposita
1381 907 1471 976 inter
1485 907 1641 996 protasin

365 1022 401 1078 et
423 1009 596 1099 apodosin
617 1049 661 1057 -
684 1010 720 1079 id
744 1011 839 1099 quod
861 1011 1142 1101 interpungendo
1176 1010 1325 1080 indicavi
1347 1031 1407 1081 -:
1439 1012 1570 1081 scilicet
1592 1012 1642 1082 eis

366 1114 465 1203 quasi
488 1113 688 1183 molliuntur
710 1137 751 1183 ea
775 1137 864 1204 quae
896 1115 940 1183 de
971 1115 1106 1184 ludaeis
1138 1137 1201 1204 per
1222 1113 1386 1185 Soterem
1412 1127 1455 1184 et
1477 1128 1558 1185 ante
1579 1116 1643 1187 So·

366 1230 476 1287 terem
511 1218 546 1285 in
577 1218 781 1307 Aegyptum
809 1219 1054 1309 transportatis
1086 1218 1193 1288 modo
1228 1218 1364 1287 fuerant
1394 1219 1520 1288 relata:
1553 1220 1641 1308 parti

365 1322 502 1391 illorum
526 1321 742 1391 concessisse
774 1322 956 1412 privilegia
978 1322 1142 1393 Soterem
1164 1361 1208 1371 -
1229 1333 1267 1389 ut
1296 1345 1368 1391 non
1402 1345 1526 1391 omnes
1557 1323 1643 1391 dura

365 1426 400 1494 iu
417 1425 621 1494 condicione
637 1427 949 1514 permanserint-
971 1437 1076 1515 atque
1092 1427 1205 1515 ipsum
1222 1448 1363 1515 quoque
1379 1426 1642 1515 Philadelphum

365 1521 446 1596 inde
469 1551 490 1597 a
511 1529 611 1617 regni
634 1530 835 1599 accessione
850 1541 990 1619 praeter
1006 1542 1142 1599 ceteros
1163 1529 1287 1598 leniter
1302 1541 1471 1599 tractasse
1486 1530 1643 1620 captivos

365 1631 451 1700 illos
497 1631 614 1720 itaque
633 1633 784 1721 protasis
807 1632 954 1702 efficitur
975 1634 1093 1703 verbis
1116 1635 1184 1699 ἐπεὶ
1199 1636 1261 1714 (vs.
1278 1638 1334 1722 15)
1355 1672 1399 1683 ·-
1420 1633 1643 1720 αἰχμαλώτους

366 1736 429 1817 (vs.
456 1738 518 1822 19),
543 1758 647 1824 quam
671 1736 798 1826 excipit
818 1737 987 1826 apodosis
1009 1737 1091 1805 inde
1112 1760 1133 1805 a
1155 1737 1273 1806 verbis
1296 1738 1372 1822 ὑπὲρ
1395 1736 1473 1802 δέκα
1496 1737 1644 1823 μυριάδας

366 1840 430 1921 (vs.
462 1843 538 1926 25):
571 1838 685 1907 media
719 1840 926 1929 interposita
955 1841 1065 1909 verba
1096 1841 1150 1924 ἀφ’
1180 1842 1223 1905 ὢν
1253 1843 1317 1923 (vs.
1352 1843 1404 1927 19)
1424 1879 1468 1889 -
1491 1851 1556 1916 τοῖς
1579 1851 1643 1916 σοῖς

366 1942 509 2019 πολίταις
542 1943 605 2024 (vs.
630 1946 685 2030 24)
708 1955 802 2012 stant
833 1966 968 2032 perse.
1015 1965 1104 2031 quae
1135 1966 1214 2012 cum
1246 1944 1293 2011 ita
1324 1942 1401 2028 sint,
1434 1955 1580 2032 apparet
1601 1945 1643 2008 ιὸν

367 2047 462 2135 quod
484 2068 556 2114 non
579 2046 691 2135 possit
713 2069 785 2114 non
807 2045 928 2114 referri
951 2047 997 2114 ad
1019 2055 1085 2123 τοῖς
1107 2057 1172 2124 σοῖς
1194 2046 1348 2129 πολίταις,
1373 2057 1408 2114 et
1429 2046 1644 2115 acodicibus

367 2149 529 2219 omnibus
552 2160 587 2217 et
609 2172 630 2217 a
651 2148 847 2219 Schmidtio
869 2160 965 2219 recte
988 2149 1109 2218 omitti.

470 2252 565 2322 ibid.
628 2254 706 2339 ὑπὲρ
742 2253 821 2318 δέκα
858 2254 1018 2339 μυριάδας]
1055 2253 1146 2322 redit
1182 2253 1342 2322 Aristeas
1380 2254 1425 2323 ad
1462 2276 1644 2322 numerum

367 2355 559 2447 pristinum,
594 2360 615 2442 ᾗ
648 2378 696 2444 14,
730 2378 808 2424 cum
839 2378 965 2424 revera
996 2356 1032 2425 in
1062 2356 1132 2426 fine
1163 2356 1272 2425 multo
1303 2356 1420 2445 plures
1453 2357 1587 2443 fuerint,
1611 2380 1642 2426 ν.

367 2461 412 2529 ad
434 2464 455 2546 ᾗ
476 2483 527 2528 22.

470 2585 508 2654 p.
533 2563 571 2651 8,
595 2563 658 2633 26.
703 2565 977 2649 διορθούμενοι-
992 2564 1100 2649 ὸρμάς]
1124 2563 1256 2632 invisos
1278 2564 1385 2633 fuisse
1408 2565 1480 2633 lere
1498 2564 1645 2633 Iudaeos

368 2667 555 2758 Aegyptiis
578 2679 700 2736 notum
724 2678 786 2752 est,
811 2678 846 2734 et
866 2689 930 2755 per
961 2690 1001 2735 se
1032 2667 1152 2756 utique
1183 2667 1365 2757 probabile
1396 2690 1459 2738 eos
1490 2691 1511 2736 a
1543 2668 1646 2757 plebe

368 2772 487 2858 (ὄχλοι)
510 2770 730 2840 multifariam
754 2792 833 2839 esse
855 2770 1035 2839 mulcatos.

472 2896 510 2964 p.
540 2874 630 2961 9,1.
675 2877 860 2961 χαριστικὸν
891 2874 1095 2952 ἀνατιθέντες
1126 2874 1284 2943 codicum
1316 2887 1351 2943 et
1380 2875 1521 2943 Eusebii
1551 2876 1646 2964 quod

368 2978 531 3048 revocavi
553 3001 619 3067 pro
634 2977 819 3047 Schmidtii
834 2979 1038 3065 χαριστήριον
1053 2979 1144 3044 ἀνατ.
1161 3018 1205 3027 -
1221 2978 1419 3047 coniectura
1435 3002 1477 3047 ea
1492 2978 1645 3067 ipsiusne

368 3083 413 3151 sit
435 3105 481 3151 an
501 3081 537 3149 B
559 3081 689 3150 codicis
711 3082 836 3171 ignoro
858 3121 909 3168 -,
935 3081 1064 3151 invitus
1085 3104 1199 3170 paene
1230 3080 1304 3150 leci.
1349 3104 1430 3149 nam
1462 3087 1646 3167 χαριστικὸν

369 3185 552 3251 ἀνατιθέναι
576 3184 634 3273 qui
657 3185 781 3253 dixerit
804 3208 909 3274 aegre
932 3184 1135 3270 invenietur,
1161 3196 1284 3274 estque
1305 3186 1393 3253 haec
1408 3185 1566 3253 iunctura
1580 3186 1645 3275 ipsi

369 3289 529 3357 vocabuli
560 3287 693 3357 notioni
726 3288 898 3358 contraria
928 3327 972 3336 —
993 3299 1180 3376 usurpatur
1214 3288 1306 3356 enim
1338 3288 1382 3356 de
1412 3287 1647 3356 munificentia

369 3393 583 3478 liberalitate,
616 3393 711 3462 velut
743 3415 764 3460 a
794 3392 940 3460 Philone
971 3391 1037 3480 leg.
1070 3391 1168 3480 alleg.
1202 3391 1245 3459 ΙΙΙ
1274 3413 1318 3481 34
1349 3403 1371 3460 t.
1404 3392 1418 3460 l
1449 3414 1481 3481 p.
1517 3394 1579 3464 108
1600 3391 1644 3459 M.

370 3498 509 3582 Μωυσῆς
531 3501 586 3562 καί
608 3496 768 3562 ἐπιτείνων
784 3499 819 3559 τὸ
836 3505 891 3559 τοῦ
908 3496 986 3559 θεοῦ
1000 3495 1172 3579 φιλόδωρον
1188 3498 1242 3560 καί
1256 3499 1441 3582 χαριστικὸν
1456 3496 1580 3565 dicitur
1593 3537 1645 3583 -,

371 3623 449 3668 cum
472 3600 675 3687 χαριστήριον
698 3598 882 3664 ἀνατιθέναι
904 3598 950 3666 sit
979 3598 1108 3666 locutio
1133 3598 1286 3687 legitima
1321 3611 1355 3668 et
1386 3623 1407 3669 a
1437 3600 1552 3668 multis
1585 3600 1647 3668 fre

372 3714 546 3792 quentata,
557 3727 590 3770 ν.
601 3702 687 3770 Ρίυι.
698 3702 823 3770 Timol.
839 3724 891 3790 29,
908 3700 1158 3790 Dittenberger
1172 3701 1246 3790 syll.
1264 3725 1296 3770 n.
1312 3704 1385 3789 282,
1401 3723 1442 3792 4;
1458 3725 1531 3792 347,
1546 3725 1590 3791 29
1604 3703 1645 3772 al.

473 3828 511 3897 p.
544 3806 582 3892 9,
613 3806 637 3875 3
662 3826 724 3896 sq.
770 3807 813 3882 είς
845 3827 945 3870 τε-
967 3805 1230 3890 καθεστάκαμεν]
1261 3828 1323 3876 rex
1345 3805 1449 3895 igitur
1471 3828 1511 3874 se
1533 3806 1646 3895 ipsum

372 3910 442 3979 duo
465 3908 634 3978 beneficia
655 3908 691 3977 in
705 3909 853 3978 ludaeos
869 3908 976 3976 modo
992 3907 1158 3976 liberatos
1174 3907 1363 3977 contulisse
1379 3908 1477 3977 dicit:
1501 3909 1647 3978 alterurn

372 4036 443 4101 quo
467 4035 615 4102 corpore
636 4013 797 4102 vigentes
829 4013 872 4089 τίς
894 4014 929 4076 τὸ
962 4012 1142 4098 στράτευμα
1173 4011 1369 4098 adsciverit,
1403 4013 1434 4081 h.
1468 4035 1496 4081 e.
1529 4013 1648 4082 fecerit

373 4117 595 4202 μισθοφόρους,
629 4117 775 4185 altemm
808 4138 878 4203 quo
910 4115 970 4203 qui
1000 4114 1065 4203 ipsi
1097 4114 1230 4183 servire
1259 4128 1406 4204 possent
1436 4128 1559 4207 utpote
1574 4123 1575 4126 ’
1590 4117 1648 4205 (χυί

373 4219 468 4309 digni
490 4220 555 4288 visi
579 4220 705 4288 fuerint
726 4219 845 4288 aulicis
869 4218 1077 4305 ministeriis,
1102 4218 1325 4286 collocaverit
1339 4219 1375 4287 in
1391 4219 1522 4288 officiis.
1569 4222 1647 4285 είναι

373 4328 442 4410 περὶ
463 4325 546 4410 ἡμᾶς
569 4324 711 4411 ‚servire
727 4323 838 4392 nobis‘
854 4321 1045 4411 legitimum
1062 4332 1133 4390 est:
1158 4321 1197 4389 cf.
1222 4344 1300 4411 pap.
1317 4321 1424 4390 Paris.
1449 4345 1480 4412 p.
1496 4346 1570 4412 401,
1589 4343 1646 4393 10:

373 4429 390 4492 ὸ
422 4432 527 4515 πατὴρ
558 4431 654 4494 αὐτοῦ
686 4432 771 4494 ἔστιν
802 4430 944 4494 ἐνταῦθα
975 4430 1045 4512 περὶ
1076 4427 1272 4512 Πετονοῠριν.
1320 4426 1447 4495 deinde
1478 4429 1533 4491 καί
1555 4430 1649 4511 (ante

373 4544 432 4618 τῆς
446 4556 498 4602 vs.
514 4538 549 4622 5)
565 4556 608 4601 ex
623 4534 777 4603 Eusebio
790 4557 861 4603 non
884 4533 996 4623 magis
1019 4532 1217 4602 adsciscere
1238 4531 1332 4600 volui
1350 4553 1454 4620 quarn
1470 4529 1647 4600 Schmidt:

374 4660 455 4707 nam
481 4648 548 4737 1th
569 4644 640 4724 περὶ
671 4643 730 4726 τὴν
764 4639 865 4725 αὐλὴν
896 4638 1030 4715 πίστεως
1060 4638 1164 4716 ἀξίους
1193 4636 1312 4705 verbis
1342 4658 1414 4704 non
1446 4633 1649 4725 exprimitur

374 4764 505 4811 novum
547 4743 712 4833 quiddam
752 4743 816 4812 sed
853 4743 1048 4836 continetur
1079 4764 1184 4811 causa
1216 4764 1278 4810 cur
1310 4740 1470 4810 homines
1501 4739 1547 4808 illi
1578 4741 1648 4822 περὶ

375 4846 574 4934 Πτολεμαῖον
597 4852 676 4916 είναι
690 4850 876 4939 potuerint.
920 4848 1139 4939 participium
1156 4850 1249 4922 ὄντας
1264 4843 1475 4935 cogitatione
1489 4841 1648 4932 supplen-
