3775 5659
831 527 870 591 19

123 827 125 834 ,
211 751 275 797 nec
314 741 387 797 erat
424 752 484 797 cur
523 731 896 816 [ἀργιῙσωματοφὺλακας
933 728 1093 799 Schmidt
1137 729 1305 798 scriberet
1342 741 1486 819 propter

211 832 356 902 Parisini
379 834 415 901 Α
437 837 482 918 (n.
509 835 583 918 128)
606 835 893 920 σωματοφύλακας.
940 835 1048 922 ipsius
1080 834 1166 901 tituli
1199 834 1281 902 inde
1304 855 1324 901 a
1346 855 1434 901 saec
1458 832 1485 899 ll

212 936 423 1025 multiplicati
447 936 619 1024 permulta
641 936 748 1004 hodie
769 947 887 1004 extant
910 937 1075 1025 exempla,
1101 960 1132 1004 v.
1156 923 1352 1004 Lumbroso
1376 944 1484 1023 ,econ

211 1042 291 1131 pol.‘
322 1064 355 1130 p.
382 1063 451 1129 191,
485 1040 696 1108 Deissmann
730 1039 987 1126 ,Bibelstudien‘
1010 1063 1043 1128 p.
1066 1061 1118 1128 93,
1150 1040 1305 1128 Mahaffy
1327 1063 1427 1128 ,emp
1451 1039 1491 1107 of

212 1146 271 1214 the
293 1144 391 1212 Ptol.⁴
414 1167 447 1233 p.
470 1165 543 1231 214.

315 1268 353 1337 p.
377 1245 480 1333 3,10
505 1267 566 1335 sq.
612 1247 730 1325 ἐκεῖνος
751 1251 813 1333 γὰρ
835 1246 982 1311 ἐπελθὼν
1013 1247 1092 1330 κτὲ.)
1124 1258 1195 1313 tres
1226 1247 1354 1314 fecerat
1376 1245 1487 1314 Ptole-

213 1374 333 1420 maeus
354 1351 368 1417 l
390 1349 495 1419 Soter
517 1351 552 1417 in
574 1350 712 1440 Syriam
737 1350 985 1439 expeditiones,
1008 1349 1154 1438 primam
1177 1372 1206 1416 a.
1229 1370 1293 1436 320
1315 1352 1359 1431 (ν.
1383 1348 1486 1416 Diod.

217 1455 263 1540 18,
287 1475 338 1542 43,
355 1454 504 1544 Appian.
522 1453 601 1542 Syr.
617 1459 672 1543 52)
694 1494 737 1502 —
761 1477 832 1543 qua
845 1455 878 1522 in
896 1453 1115 1543 expeditione
1138 1475 1219 1520 num
1242 1451 1488 1540 Hierosolyma

215 1569 315 1645 capta
347 1557 416 1625 sint
457 1580 477 1625 a
520 1557 720 1627 Ptolemaeo
764 1558 989 1646 (Agatharch.
1023 1579 1076 1645 ap.
1108 1556 1173 1624 los.
1207 1579 1234 1623 c.
1266 1555 1333 1645 Ap.
1366 1555 1380 1623 l
1413 1577 1485 1643 209,

213 1659 362 1749 Appian.
388 1659 467 1749 Syr.
490 1665 545 1750 50)
568 1661 671 1729 valde
693 1661 836 1731 dubium
860 1673 921 1746 est,
945 1684 977 1728 ν.
1002 1659 1108 1727 Niese
1139 1658 1278 1744 ,Gescb
1303 1659 1334 1724 d.
1357 1658 1486 1746 griech.

213 1787 245 1830 u.
279 1762 367 1830 mak.
402 1762 557 1834 Staaten‘
590 1764 603 1831 l
633 1787 666 1852 p.
699 1786 771 1853 230,
803 1787 825 1852 4
854 1785 916 1844 -3
950 1764 1093 1832 alteram
1131 1785 1159 1830 a.
1196 1784 1260 1851 312
1298 1764 1343 1844 (v.
1382 1760 1488 1828 Niese

213 1889 246 1955 p.
277 1889 341 1955 294
372 1871 446 1955 sq.),
481 1867 617 1935 tertiam
648 1891 677 1935 a.
709 1889 773 1955 302
804 1868 862 1950 (ib.
896 1892 928 1957 p.
961 1873 1057 1957 349),
1093 1889 1162 1955 qua
1194 1889 1236 1933 ex
1268 1864 1488 1954 expeditione

215 1970 476 2038 meridionalem
499 1969 624 2058 Syriae
639 1982 774 2060 partem
790 1971 929 2038 retinuit
946 1972 1003 2055 (ib.
1020 1995 1052 2059 p.
1068 1975 1155 2058 352).
1201 1982 1306 2057 atque
1322 1969 1366 2035 ab
1381 1967 1488 2035 altera

215 2072 435 2160 expeditione
458 2073 514 2140 ille
536 2096 565 2141 a.
588 2096 649 2162 311
674 2074 710 2141 in
733 2075 934 2162 Aegyptum
957 2074 1096 2141 rediens
1120 2073 1306 2156 κατέσκαψε
1330 2075 1385 2149 τὰς
1407 2071 1487 2149 ἀξιο-

215 2177 397 2262 λογωτάτας
412 2187 475 2242 τῶν
490 2178 735 2266 κεκρατημένων
748 2178 882 2261 πολεων,
907 2179 1015 2264 Ἄκην
1032 2180 1088 2263 μέν
1110 2188 1167 2262 τῆς
1188 2176 1339 2262 Φοινίκης
1361 2175 1486 2260 Συρίας.

119 2269 123 2276 ’
214 2281 320 2367 Ἰόπην
343 2282 377 2345 δὲ
399 2285 454 2347 καὶ
476 2283 654 2368 Σαμάρειαν
676 2285 731 2346 καί
753 2283 858 2362 Γάζαν
881 2292 938 2367 της
960 2282 1085 2367 Συρίας,
1109 2284 1203 2358 αὐτὸς
1225 2282 1259 2345 δὲ
1282 2284 1341 2366 την
1363 2282 1489 2367 δύναμιν

215 2387 380 2473 ἀναλαβὼν
395 2389 450 2450 καί
466 2395 527 2450 τῶν
543 2386 716 2472 χρημάτων
730 2387 790 2450 ὅσα
806 2387 937 2451 δυνατὸν
960 2387 1000 2470 ἡν
1016 2388 1103 2470 ἄγειν
1119 2388 1174 2448 καί
1189 2384 1290 2469 φέρειν
1305 2386 1489 2469 ἐπανῆλθεν

216 2491 258 2565 εἰς
281 2491 443 2574 Αἴγυπτον
465 2488 580 2570 (Diod.
608 2511 655 2577 19,
679 2511 731 2578 93,
755 2494 798 2577 7),
823 2527 865 2538 -
888 2511 978 2577 quae
1001 2488 1143 2556 omnino
1177 2488 1387 2556 conveniunt
1410 2511 1488 2556 curn

215 2592 378 2659 Aristeae
409 2592 617 2660 narratione.
672 2594 827 2661 eiusdem
859 2604 974 2661 autem
1013 2592 1243 2681 expeditionis
1277 2592 1488 2659 mentionem

216 2694 297 2761 facit
318 2694 514 2764 Hecataeus
539 2719 679 2784 quoque
701 2697 873 2764 Abderita
895 2697 1091 2785 fragmento
1113 2696 1265 2784 genuino
1293 2719 1346 2785 ap.
1370 2696 1435 2764 los.
1461 2719 1487 2762 c.

217 2796 284 2884 Ap.
308 2796 322 2864 Ι
347 2799 407 2886 183
429 2821 481 2887 sq.
506 2811 656 2867 servato.
700 2801 759 2868 ubi
792 2801 887 2888 quod
918 2801 1087 2889 losephus
1119 2823 1161 2866 ex
1183 2800 1361 2868 Hecataeo
1385 2795 1490 2867 refert

217 2923 288 2968 non
311 2900 442 2971 dirutas
464 2901 590 2991 Syriae
619 2904 725 2972 urbes
758 2904 822 2972 sed
853 2904 1032 2971 hominum
1064 2901 1154 2971 ultro
1187 2926 1265 2971 cum
1288 2903 1489 2972 Ptolemaeo

217 3004 251 3072 in
273 3006 475 3096 Aegyptum
498 3006 740 3094 proficiscendi
763 3005 987 3095 cupiditatem
1020 3007 1120 3091 (λέγει
1151 3007 1252 3072 τοίνυν
1283 3008 1299 3071 ὁ
1320 3008 1491 3084 Ἑκαταῖος

217 3109 310 3174 πάλιν
332 3111 419 3193 τάδε,
444 3112 491 3174 ὅτι
516 3113 595 3195 μετὰ
618 3114 676 3196 τὴν
699 3112 732 3175 έν
754 3112 841 3196 Γάζη
875 3112 983 3196 μάχην
1014 3111 1250 3195 ὁΠτολεμαῖος
1281 3111 1407 3195 ἐγένετο
1429 3121 1490 3175 τῶν

217 3215 286 3297 περὶ
307 3213 422 3297 Συρίαν
444 3213 548 3278 τόπων
570 3214 742 3301 ἐγκρατής,
767 3218 821 3279 καὶ
843 3215 958 3280 πολλοὶ
981 3224 1042 3279 τῶν
1064 3214 1239 3299 ἀνθρώπων
1262 3214 1490 3300 πυνθανόμενοι

188 3316 276 3399 ’τὴν
312 3315 472 3401 ηπιότητα
508 3320 563 3381 καί
600 3317 838 3402 φιλανθρωπίαν
881 3328 935 3382 τοῦ
973 3317 1172 3402 Πτολεμαίου
1211 3317 1409 3402 συναπαίρειν
1449 3320 1491 3395 εἰς

218 3418 380 3502 Αἴγυπτον
402 3421 488 3504 αὐτῷ
519 3424 574 3484 καί
605 3432 763 3486 κοινωνεῖν
795 3430 855 3486 τῶν
885 3421 1078 3506 πραγμάτων
1101 3420 1356 3507 ἠβουλήθησαν),
1381 3442 1422 3487 ea
1445 3420 1491 3486 di·
1527 3457 1529 3460 ·

217 3522 366 3590 versitas
398 3521 497 3589 facile
529 3523 736 3611 explicatur:
768 3547 838 3593 una
868 3547 925 3592 res
959 3547 1001 3592 ex
1036 3524 1205 3612 ampliore
1227 3523 1392 3592 Hecataei
1415 3547 1491 3622 nap-

217 3625 353 3694 ratione
375 3626 528 3696 adfertur
551 3629 595 3695 ab
617 3629 775 3717 loseph0‚
800 3650 864 3695 nec
888 3627 1073 3717 quicquam
1105 3627 1268 3716 prohibet
1289 3651 1334 3695 ne
1356 3628 1391 3695 in
1413 3628 1490 3716 ipso

219 3750 326 3816 opere
350 3731 504 3800 extitisse
526 3742 688 3821 putemus
711 3732 814 3799 etiam
846 3731 903 3798 illa
935 3754 1025 3820 quae
1058 3744 1205 3820 urgente
1236 3731 1350 3800 reditu
1372 3731 1491 3801 durius

219 3852 280 3895 rex
311 3832 447 3902 fecerat.
493 3858 583 3923 quae
616 3857 693 3903 cum
726 3834 774 3901 ita
806 3834 882 3921 sint,
916 3834 1010 3902 haud
1041 3834 1261 3923 improbabili
1293 3835 1491 3904 coniectura

219 3932 325 4001 totius
355 3935 405 4000 rei
436 3938 479 4004 ab
511 3939 652 4007 Aristea
682 3938 738 4006 hic
770 3949 930 4005 narratae
960 3937 1168 4006 lineamenta
1200 3939 1323 4006 saltem
1345 3950 1492 4027 possunt

219 4036 329 4124 repeti
353 4037 397 4103 ab
419 4038 606 4128 Hecataeo,
630 4043 705 4110 sive
726 4043 756 4110 is
779 4042 824 4110 ab
846 4041 923 4131 ipso
947 4041 1120 4109 adhibitus
1155 4053 1208 4109 est
1229 4041 1371 4111 Aristea
1391 4082 1435 4090 —
1456 4042 1492 4109 id

221 4142 315 4229 quod
337 4154 481 4231 propter
511 4146 619 4213 verba
651 4150 672 4232 §
703 4150 746 4215 26
780 4169 822 4213 ex
852 4145 909 4214 illo
941 4147 1049 4213 relata
1083 4144 1248 4213 credibile
1269 4185 1312 4194 -
1334 4145 1408 4213 sive
1429 4168 1493 4234 per

219 4245 491 4328 intercedentem
515 4247 664 4337 aliquem
687 4249 818 4317 fontem
840 4248 1053 4317 litterarium.
1098 4248 1143 4315 ad
1165 4271 1239 4316 rem
1262 4247 1373 4337 ipsam
1398 4249 1492 4336 quod

220 4350 350 4436 attinet,
375 4351 419 4418 de
440 4351 575 4419 ludaeis
599 4373 688 4419 saec.
711 4353 753 4420 lll
777 4364 811 4420 et
833 4352 860 4420 ll
884 4374 912 4420 a.
938 4350 1019 4420 Chr.
1044 4374 1076 4419 n.
1101 4352 1136 4419 in
1152 4352 1318 4441 Aegypto
1343 4373 1492 4420 commo-

219 4453 376 4522 rantibus
399 4455 493 4523 certa
514 4455 619 4523 hodie
642 4466 759 4522 extant
774 4455 990 4523 testimonia:
1014 4478 1045 4522 ν.
1069 4453 1225 4543 Mahaffy
1246 4478 1325 4544 pap.
1349 4455 1416 4543 lp.
1440 4476 1491 4542 43.

219 4556 246 4624 ll
269 4579 301 4645 p.
334 4558 406 4645 [14],
440 4559 513 4645 [97],
546 4557 625 4624 bull.
659 4556 703 4623 de
735 4579 821 4626 corr.
854 4557 931 4625 hell.
956 4556 1075 4625 XVlll.
1109 4557 1192 4647 1894
1222 4581 1256 4646 p.
1282 4559 1344 4645 146
1374 4557 1491 4642 (dub),

220 4649 363 4748 ,elnpire
394 4660 434 4727 ol
463 4661 523 4728 the
553 4659 748 4728 Ptolemies‘
783 4681 815 4748 p.
846 4660 898 4746 86,
931 4681 961 4747 3,
994 4659 1030 4730 S.
1054 4660 1209 4729 Reinach
1232 4660 1312 4728 bull.
1337 4660 1381 4727 de
1403 4681 1491 4727 corr.
1531 4715 1536 4726 .

219 4759 297 4856 hell.
320 4760 406 4830 ΧΠΙ.
426 4764 511 4851 1889
531 4786 564 4852 p.
583 4785 645 4852 179
667 4786 717 4851 sq.
756 4763 874 4851 itaque
896 4765 1118 4851 quantumvis
1141 4764 1277 4852 singula
1309 4783 1494 4852 exaggera-

219 4869 309 4937 verit
331 4879 365 4936 et
387 4866 649 4955 amplificaverit
671 4867 840 4952 Aristeas
865 4888 928 4955 per
951 4889 991 4934 se
1005 4867 1119 4935 ludaei
1136 4868 1203 4936 iam
1220 4866 1356 4936 Soteris
1380 4876 1494 4934 aetate

1259 4968 1289 5024 2‘
