3775 5659
853 526 896 591 23

239 733 354 803 monis
378 735 595 802 consuetudo
619 735 766 803 sirecte
796 734 985 823 percipitur
1019 757 1183 822 supremo
1216 733 1346 802 numini
1378 733 1513 800 tribuit:

237 859 384 926 prorsus
407 837 511 926 igitur
533 838 623 905 inter
646 838 723 905 illos
746 860 787 906 ac
810 860 876 905 nos
898 838 1070 906 convenit.
1094 876 1138 886 -—
1159 837 1259 905 vides
1280 836 1331 904 sic
1354 847 1515 905 constare

237 940 356 1008 omnia
377 963 442 1009 nec
464 941 533 1009 ulla
555 964 645 1029 opus
668 964 746 1009 esse
768 941 985 1010 correctione
1017 941 1165 1009 maiore:
1195 940 1355 1008 codicum
1385 940 1514 1027 βασιλεῦ

239 1067 318 1112 cum
341 1045 503 1133 vulgatae
527 1045 664 1130 μάλιστα
686 1067 758 1112 non
780 1044 899 1113 debuit
921 1056 1056 1113 mutare
1078 1043 1246 1129 Schmidt,
1270 1056 1375 1133 atque
1396 1045 1515 1129 ἐτύμως

237 1170 305 1238 pro
328 1147 440 1231 ἑτέρως
463 1170 505 1215 ex
528 1147 738 1216 editionibus
759 1147 897 1237 Iosephi
918 1186 963 1196 -
985 1147 1184 1236 quitamen
1205 1147 1319 1216 locum
1343 1147 1515 1237 integrum

238 1273 309 1318 non
332 1249 483 1318 reddidit
512 1253 547 1334 (θ
568 1268 628 1318 22:
661 1255 713 1316 τὸν
742 1255 804 1337 γάρ
835 1254 962 1316 ἅπαντα
994 1252 1233 1338 συστησάμενον
1255 1253 1331 1316 θεὸν
1354 1255 1409 1315 καὶ
1430 1256 1516 1316 ούτοι

238 1357 295 1418 καί
317 1355 409 1439 ἡμεῖς
432 1355 594 1441 σεβόμεθα
616 1354 704 1441 Ζηνα
727 1356 898 1433 καλοῦντες
920 1357 1016 1420 αὐτόν
1032 1356 1152 1440 ἐτύμως
1174 1355 1316 1440 (ἑτοίμως
1338 1354 1411 1422 fere
1425 1354 1516 1438 libri)

238 1459 301 1521 ἀπὸ
325 1467 381 1521 τοῦ
402 1467 497 1522 πᾶσιν
519 1457 647 1543 ἐμφύειν
669 1461 703 1522 τό
724 1459 783 1542 ζῆν
805 1460 863 1542 την
879 1457 1047 1543 ἐπίκλησιν
1062 1459 1158 1521 αὐτοῦ
1174 1457 1298 1542 θέντες)
1319 1496 1363 1506 -
1385 1458 1515 1527 dudum

239 1559 435 1627 restitutum
459 1559 621 1647 oportuit.
675 1570 770 1628 recte
801 1570 916 1628 autem
939 1558 1100 1628 Schmidt
1121 1560 1210 1644 Ζηνα
1240 1563 1296 1625 καὶ
1318 1560 1387 1625 Δία.
1434 1567 1515 1627 ούτω

239 1685 303 1752 pro
327 1664 489 1751 vulgatae
510 1665 598 1750 Ζηνα
620 1668 675 1728 καί
706 1666 757 1729 διὰ
779 1675 871 1730 τοῦτο
903 1665 1029 1754 posuit.
1074 1664 1228 1754 <Kuiper,
1252 1664 1422 1733 Mnemos.
1445 1664 1515 1734 XX

239 1789 272 1855 p.
296 1769 370 1852 266,
395 1789 485 1856 quae
508 1768 783 1836 commendavit:
816 1772 868 1833 τὸν
891 1768 994 1854 νόμον.
1040 1770 1152 1845 καθὼς
1182 1768 1418 1853 περιείργασμαι
1440 1769 1514 1854 γάρ,

240 1874 294 1936 τόν
317 1871 442 1937 πάντων
530 1875 613 1935 ούτοι
637 1871 779 1959 σέβονται
802 1873 837 1935 δν
859 1875 916 1936 καὶ
937 1871 1051 1948 πάντες
1073 1874 1176 1956 ἡμεῖς,
1201 1871 1344 1958 βασιλεῦ,
1369 1894 1515 1956 προσονο-

242 1975 392 2061 μάζοντες
414 1975 535 2060 ἐτύμως
557 1974 656 2060 Ζηνα.
704 1979 759 2039 καὶ
790 1976 840 2040 διὰ
870 1985 963 2041 τοῦτο
993 1978 1055 2061 γάρ
1085 1977 1157 2057 οὐκ,
1191 1974 1353 2063 equidem
1383 1974 1515 2044 admitti

240 2077 432 2162 noluerim).
454 2117 498 2126 -

343 2181 387 2248 ad
410 2181 521 2270 ipsam
544 2181 811 2270 originationem
835 2182 930 2271 quod
953 2183 1083 2268 attinet,
1108 2204 1179 2250 non
1201 2204 1264 2250 sua
1286 2182 1343 2250 hic
1356 2181 1517 2250 Aristeas

241 2285 346 2352 utitur
378 2283 547 2373 sapientia
579 2284 642 2352 sed
664 2296 811 2371 vetusta,
844 2285 1021 2353 Heraclito
1056 2306 1116 2370 ea,
1155 2284 1309 2370 Platoni,
1341 2284 1515 2373 Orphicis,

241 2385 370 2455 Stoicis
394 2388 567 2455 communi
590 2427 634 2436 -
657 2410 869 2477 quamquam
891 2388 1020 2455 nemini
1052 2388 1189 2455 illorum
1221 2387 1256 2454 in
1285 2398 1439 2455 mentem
1462 2409 1517 2455 ve

241 2502 341 2559 nerat
362 2489 472 2579 posse
493 2491 540 2559 ita
563 2509 669 2580 quem
690 2491 807 2560 ludaei
831 2492 986 2559 colerent
1008 2490 1112 2559 deum
1135 2502 1330 2558 creatorem
1354 2492 1517 2580 coniungi

241 2617 320 2663 cum
352 2597 399 2659 Διί
429 2617 494 2662 suo
515 2612 576 2662 -:
607 2617 639 2662 v.
675 2595 856 2683 Menagius
887 2594 932 2663 ad
964 2595 1066 2683 Diog.
1099 2594 1160 2661 VH
1184 2617 1254 2683 147,
1291 2595 1449 2682 Bemays
1472 2595 1515 2662 kl.

241 2696 341 2767 Schr.
365 2697 378 2763 l
401 2719 433 2784 p.
456 2699 501 2785 89
523 2720 575 2787 sq.
621 2698 721 2766 Blass
743 2699 788 2766 ad
810 2699 889 2766 Act.
914 2709 1025 2786 apost.
1049 2721 1081 2787 p.
1108 2720 1169 2787 192
1192 2720 1255 2787 sq„
1278 2697 1398 2767 Nestle
1421 2697 1459 2767 Z.
1484 2700 1516 2766 d.

242 2801 274 2868 d.
298 2822 409 2890 morg.
434 2798 516 2869 Ges
542 2800 676 2871 XXXII
698 2825 730 2891 p.
754 2820 826 2891 495.
850 2820 923 2891 502.

345 3207 383 3274 p.
403 3185 438 3270 4,
455 3185 496 3253 15
514 3205 576 3274 sq.
623 3187 675 3247 τὸν
698 3184 882 3268 κυριεύοντα
897 3185 982 3247 κατά
997 3181 1127 3265 καρδίαν
1142 3180 1317 3269 iungenda
1338 3179 1516 3247 videntur:

243 3289 312 3377 ,qui
328 3289 435 3356 corda
450 3288 559 3377 regit‘.
600 3288 698 3356 Deus
714 3286 806 3354 enim
821 3287 1011 3351 κατευθύνει
1027 3284 1135 3353 corda
1149 3282 1328 3351 hominum
1344 3282 1371 3365 (l
1386 3282 1516 3351 Chron.

244 3414 296 3480 29,
323 3393 384 3476 18),
409 3391 593 3456 διαλλάσσει
617 3391 745 3477 καρδίας
760 3390 921 3476 ἀρχόντων
936 3400 997 3474 γῆς
1020 3388 1114 3456 Hiob
1132 3410 1180 3473 12,
1198 3409 1249 3475 24,
1275 3396 1398 3474 estque
1413 3387 1518 3470 ὥσπερ

242 3495 322 3581 δρμη
355 3495 467 3570 ύδατος
497 3497 595 3570 οὕτως
625 3494 739 3578 καρδία
771 3492 924 3580 βασιλέως
955 3493 988 3556 έν
1018 3494 1100 3577 χειρὶ
1130 3492 1220 3555 θεοῦ·
1267 3492 1303 3553 ού
1335 3487 1395 3553 ἐὰν
1412 3488 1518 3554 θέλων

242 3608 360 3680 νεῦσαι,
385 3597 454 3662 ἐκεῖ
470 3597 591 3662 έκλινεν
607 3597 706 3682 αὐτήν
721 3617 819 3684 prov.
843 3618 895 3680 21,
913 3618 940 3662 1.
987 3595 1103 3683 itaque
1120 3593 1343 3658 ἐπικαλοῦνται
1358 3591 1518 3661 homines

243 3701 348 3785 κύριον
371 3703 424 3765 τόν
446 3701 571 3765 πάντων
594 3700 751 3786 δεσπότην
773 3699 881 3782 (Hiob
896 3718 926 3787 5,
942 3701 986 3784 8),
1012 3702 1063 3763 τόν
1078 3699 1207 3782 ὕψιστον
1222 3696 1379 3782 δυνάστην
1395 3694 1518 3765 Sirach

243 3805 294 3891 46,
317 3822 348 3891 5,
371 3805 424 3891 al,
448 3803 488 3872 cs.
512 3803 803 3892 Hatch·Redpath
825 3826 852 3872 s.
876 3803 1052 3867 ἐπικαλεῖν.

345 4191 383 4258 p.
399 4167 436 4254 4,
453 4167 492 4235 l7
509 4188 570 4258 sq.
607 4172 678 4252 περί
693 4167 847 4254 σωτηρίας
865 4177 1005 4243 <τῶν>
1026 4168 1202 4252 ἀνθρώπων
1224 4167 1423 4236 necessario
1439 4168 1518 4236 scri·

243 4272 395 4339 bendum
415 4281 507 4338 erat:
530 4293 602 4338 non
627 4271 718 4338 enim
741 4282 794 4338 est
816 4293 933 4339 sermo
957 4271 1130 4360 generalis
1150 4311 1194 4319 -—
1216 4282 1254 4338 ut
1270 4270 1358 4338 infra
1373 4293 1405 4359 p.
1421 4273 1473 4359 65,
1497 4290 1518 4361 5

243 4376 291 4442 ed.
316 4374 495 4443 Schmidt:
517 4376 587 4458 περὶ
604 4375 725 4439 πολλοῦ
741 4376 922 4460 ποιούμενος
944 4375 1053 4460 ψυχην
1071 4375 1239 4459 άνθριύπου
1264 4374 1375 4454 σώζειν
1397 4375 1518 4442 -sed

244 4477 424 4546 definitus:
450 4489 599 4567 aguntur
621 4477 737 4546 ludaei
760 4478 806 4546 illi
830 4479 1045 4547 famulantes.

346 4603 384 4670 p.
408 4581 444 4667 4,
468 4582 522 4651 18.
567 4582 790 4668 προτιθέμενος
817 4583 912 4668 λόγον
935 4606 1023 4669 ,cum
1057 4583 1140 4651 mihi
1162 4583 1238 4672 ipse
1260 4583 1518 4671 persuaderem‘

243 4693 338 4750 recte
372 4684 453 4752 olim
487 4685 668 4773 legebatur
699 4708 764 4752 nec
795 4686 914 4754 debuit
936 4685 1097 4755 Schmidt
1128 4709 1170 4753 ex
1201 4686 1346 4754 Parisini
1372 4709 1435 4775 129
1456 4685 1519 4771 (B)

244 4894 364 4941 errore
386 4810 636 4963 (ύίίόίίθέμενος)
659 4876 884 4962 ὑποτιθέμενος
906 4876 1071 4966 recipere.
