<?xml version="1.0" encoding="UTF-8"?>
<!DOCTYPE html PUBLIC "-//W3C//DTD XHTML 1.0 Transitional//EN"
    "http://www.w3.org/TR/xhtml1/DTD/xhtml1-transitional.dtd">
<html xmlns="http://www.w3.org/1999/xhtml" xml:lang="en" lang="en">
 <head>
  <title>
</title>
<meta http-equiv="Content-Type" content="text/html;charset=utf-8" />
  <meta name='ocr-system' content='tesseract 3.04.00' />
  <meta name='ocr-capabilities' content='ocr_page ocr_carea ocr_par ocr_line ocrx_word'/>
</head>
<body>
  <div class='ocr_page' id='page_1' title='image "aristeasqvaefer00unkngoog_0053.png"; bbox 0 0 3775 5659; ppageno 0'>
   <div class='ocr_carea' id='block_1_1' title="bbox 873 537 916 601">
    <p class='ocr_par' dir='ltr' id='par_1_1' title="bbox 873 537 916 601">
     <span class='ocr_line' id='line_1_1' title="bbox 873 537 916 601; baseline 0 0"><span class='ocrx_word' id='word_1_1' title='bbox 873 537 916 601; x_wconf 78' lang='lat'><strong>45</strong></span> 
     </span>
    </p>
   </div>
   <div class='ocr_carea' id='block_1_2' title="bbox 250 739 1575 2893">
    <p class='ocr_par' dir='ltr' id='par_1_2' title="bbox 251 739 1530 1458">
     <span class='ocr_line' id='line_1_2' title="bbox 252 739 1530 834; baseline -0.002 -24"><span class='ocrx_word' id='word_1_2' title='bbox 252 754 461 831; x_wconf 83' lang='lat' dir='ltr'>personatus</span> <span class='ocrx_word' id='word_1_3' title='bbox 483 739 637 829; x_wconf 89' lang='lat' dir='ltr'><strong>Salom0,</strong></span> <span class='ocrx_word' id='word_1_4' title='bbox 661 764 715 833; x_wconf 87' lang='lat' dir='ltr'><strong>ap.</strong></span> <span class='ocrx_word' id='word_1_5' title='bbox 747 744 827 814; x_wconf 85' lang='lat' dir='ltr'><strong>Eus.</strong></span> <span class='ocrx_word' id='word_1_6' title='bbox 860 767 911 834; x_wconf 93' lang='lat' dir='ltr'><strong>pr.</strong></span> <span class='ocrx_word' id='word_1_7' title='bbox 946 766 997 812; x_wconf 81' lang='lat' dir='ltr'><strong>ev,</strong></span> <span class='ocrx_word' id='word_1_8' title='bbox 1029 744 1079 812; x_wconf 93' lang='lat' dir='ltr'><strong>lX</strong></span> <span class='ocrx_word' id='word_1_9' title='bbox 1110 760 1170 832; x_wconf 83' lang='lat'><strong>31:</strong></span> <span class='ocrx_word' id='word_1_10' title='bbox 1204 742 1349 831; x_wconf 85' lang='grc' dir='ltr'>βασιλεὺς</span> <span class='ocrx_word' id='word_1_11' title='bbox 1380 741 1530 829; x_wconf 83' lang='grc' dir='ltr'>Σολομὼν</span> 
     </span>
     <span class='ocr_line' id='line_1_3' title="bbox 253 844 1528 935; baseline 0.002 -26"><span class='ocrx_word' id='word_1_12' title='bbox 253 844 386 932; x_wconf 74' lang='grc' dir='ltr'>Οὐαφρῇ</span> <span class='ocrx_word' id='word_1_13' title='bbox 409 846 533 932; x_wconf 85' lang='grc' dir='ltr'>βασιλεῖ</span> <span class='ocrx_word' id='word_1_14' title='bbox 556 847 731 932; x_wconf 82' lang='grc' dir='ltr'><strong>Αἰγύπτου,</strong></span> <span class='ocrx_word' id='word_1_15' title='bbox 765 848 846 933; x_wconf 84' lang='grc' dir='ltr'>φίλῳ</span> <span class='ocrx_word' id='word_1_16' title='bbox 877 857 1033 933; x_wconf 81' lang='grc' dir='ltr'><strong>πατρικῷ,</strong></span> <span class='ocrx_word' id='word_1_17' title='bbox 1067 847 1198 933; x_wconf 84' lang='grc' dir='ltr'>χαίρειν,</span> <span class='ocrx_word' id='word_1_18' title='bbox 1233 846 1387 935; x_wconf 86' lang='lat' dir='ltr'><strong>itemque</strong></span> <span class='ocrx_word' id='word_1_19' title='bbox 1417 868 1444 914; x_wconf 90' lang='lat' dir='ltr'><strong>c.</strong></span> <span class='ocrx_word' id='word_1_20' title='bbox 1476 867 1528 935; x_wconf 84' lang='lat'><strong>33.</strong></span> 
     </span>
     <span class='ocr_line' id='line_1_4' title="bbox 254 948 1530 1038; baseline -0.001 -22"><span class='ocrx_word' id='word_1_21' title='bbox 254 970 465 1037; x_wconf 90' lang='lat' dir='ltr'><strong>quamquam</strong></span> <span class='ocrx_word' id='word_1_22' title='bbox 487 948 659 1034; x_wconf 83' lang='lat' dir='ltr'><strong>Aristeae,</strong></span> <span class='ocrx_word' id='word_1_23' title='bbox 683 950 712 1019; x_wconf 92' lang='lat' dir='ltr'><strong>si</strong></span> <span class='ocrx_word' id='word_1_24' title='bbox 736 963 770 1019; x_wconf 89' lang='lat' dir='ltr'><strong>et</strong></span> <span class='ocrx_word' id='word_1_25' title='bbox 792 951 900 1020; x_wconf 91' lang='lat' dir='ltr'><strong>nollet</strong></span> <span class='ocrx_word' id='word_1_26' title='bbox 922 950 1054 1019; x_wconf 91' lang='lat' dir='ltr'><strong>nudum</strong></span> <span class='ocrx_word' id='word_1_27' title='bbox 1076 972 1206 1018; x_wconf 88' lang='lat' dir='ltr'><strong>nomen</strong></span> <span class='ocrx_word' id='word_1_28' title='bbox 1221 972 1354 1038; x_wconf 90' lang='lat' dir='ltr'><strong>ponere</strong></span> <span class='ocrx_word' id='word_1_29' title='bbox 1377 960 1411 1016; x_wconf 89' lang='lat' dir='ltr'><strong>et</strong></span> <span class='ocrx_word' id='word_1_30' title='bbox 1426 949 1530 1016; x_wconf 89' lang='lat' dir='ltr'><strong>vellet</strong></span> 
     </span>
     <span class='ocr_line' id='line_1_5' title="bbox 251 1049 1530 1141; baseline 0.001 -24"><span class='ocrx_word' id='word_1_31' title='bbox 251 1049 407 1119; x_wconf 87' lang='lat' dir='ltr'><strong>Eleazari</strong></span> <span class='ocrx_word' id='word_1_32' title='bbox 430 1051 583 1121; x_wconf 90' lang='lat' dir='ltr'><strong>indicare</strong></span> <span class='ocrx_word' id='word_1_33' title='bbox 606 1053 846 1122; x_wconf 88' lang='lat' dir='ltr'><strong>condicionem</strong></span> <span class='ocrx_word' id='word_1_34' title='bbox 869 1065 1048 1141; x_wconf 84' lang='lat' dir='ltr'><strong>tamquam</strong></span> <span class='ocrx_word' id='word_1_35' title='bbox 1081 1053 1138 1140; x_wconf 93' lang='lat' dir='ltr'><strong>qui</strong></span> <span class='ocrx_word' id='word_1_36' title='bbox 1173 1075 1238 1120; x_wconf 91' lang='lat' dir='ltr'><strong>suo</strong></span> <span class='ocrx_word' id='word_1_37' title='bbox 1269 1052 1344 1120; x_wconf 92' lang='lat' dir='ltr'><strong>iure</strong></span> <span class='ocrx_word' id='word_1_38' title='bbox 1374 1063 1530 1120; x_wconf 87' lang='lat' dir='ltr'><strong>uteretur</strong></span> 
     </span>
     <span class='ocr_line' id='line_1_6' title="bbox 251 1153 1530 1245; baseline 0.002 -25"><span class='ocrx_word' id='word_1_39' title='bbox 251 1153 426 1243; x_wconf 88' lang='lat' dir='ltr'><strong>principis,</strong></span> <span class='ocrx_word' id='word_1_40' title='bbox 459 1155 598 1224; x_wconf 82' lang='lat' dir='ltr'><strong>difficile</strong></span> <span class='ocrx_word' id='word_1_41' title='bbox 629 1168 703 1225; x_wconf 89' lang='lat' dir='ltr'><strong>erat</strong></span> <span class='ocrx_word' id='word_1_42' title='bbox 735 1157 935 1245; x_wconf 78' lang='lat' dir='ltr'><strong>excogitare</strong></span> <span class='ocrx_word' id='word_1_43' title='bbox 968 1179 1057 1244; x_wconf 90' lang='lat' dir='ltr'><strong>quae</strong></span> <span class='ocrx_word' id='word_1_44' title='bbox 1088 1155 1211 1225; x_wconf 91' lang='lat' dir='ltr'><strong>melius</strong></span> <span class='ocrx_word' id='word_1_45' title='bbox 1244 1155 1295 1223; x_wconf 90' lang='lat' dir='ltr'><strong>rei</strong></span> <span class='ocrx_word' id='word_1_46' title='bbox 1326 1156 1530 1224; x_wconf 91' lang='lat' dir='ltr'><strong>conveniret</strong></span> 
     </span>
     <span class='ocr_line' id='line_1_7' title="bbox 252 1256 1529 1346; baseline 0.002 -23"><span class='ocrx_word' id='word_1_47' title='bbox 252 1256 526 1344; x_wconf 89' lang='lat' dir='ltr'><strong>appositionem;</strong></span> <span class='ocrx_word' id='word_1_48' title='bbox 565 1260 689 1346; x_wconf 83' lang='grc' dir='ltr'>βασιλεῖ</span> <span class='ocrx_word' id='word_1_49' title='bbox 710 1260 898 1345; x_wconf 79' lang='grc' dir='ltr'>Πτολεμαίῳ</span> <span class='ocrx_word' id='word_1_50' title='bbox 922 1268 966 1344; x_wconf 82' lang='grc' dir='ltr'><strong>τῷ</strong></span> <span class='ocrx_word' id='word_1_51' title='bbox 989 1260 1115 1344; x_wconf 79' lang='grc' dir='ltr'>ἀδελφῷ</span> <span class='ocrx_word' id='word_1_52' title='bbox 1138 1259 1269 1327; x_wconf 90' lang='lat' dir='ltr'><strong>scilicet</strong></span> <span class='ocrx_word' id='word_1_53' title='bbox 1300 1260 1344 1340; x_wconf 85' lang='lat' dir='ltr'><strong>(v.</strong></span> <span class='ocrx_word' id='word_1_54' title='bbox 1368 1257 1529 1326; x_wconf 86' lang='lat' dir='ltr'><strong>Wilcken</strong></span> 
     </span>
     <span class='ocr_line' id='line_1_8' title="bbox 251 1357 1528 1458; baseline 0.003 -34"><span class='ocrx_word' id='word_1_55' title='bbox 251 1357 371 1427; x_wconf 91' lang='lat' dir='ltr'><strong>Herm.</strong></span> <span class='ocrx_word' id='word_1_56' title='bbox 393 1382 437 1448; x_wconf 79' lang='lat'><strong>29</strong></span> <span class='ocrx_word' id='word_1_57' title='bbox 459 1382 491 1448; x_wconf 92' lang='lat' dir='ltr'><strong>p.</strong></span> <span class='ocrx_word' id='word_1_58' title='bbox 514 1364 588 1450; x_wconf 80' lang='lat'><strong>436.</strong></span> <span class='ocrx_word' id='word_1_59' title='bbox 611 1366 689 1450; x_wconf 88' lang='lat'><strong>446)</strong></span> <span class='ocrx_word' id='word_1_60' title='bbox 712 1363 871 1451; x_wconf 89' lang='lat' dir='ltr'><strong>quamvis</strong></span> <span class='ocrx_word' id='word_1_61' title='bbox 895 1385 967 1429; x_wconf 92' lang='lat' dir='ltr'><strong>non</strong></span> <span class='ocrx_word' id='word_1_62' title='bbox 990 1384 1136 1450; x_wconf 91' lang='lat' dir='ltr'><strong>prorsus</strong></span> <span class='ocrx_word' id='word_1_63' title='bbox 1158 1362 1330 1458; x_wconf 87' lang='lat' dir='ltr'><strong>absonum</strong></span> <span class='ocrx_word' id='word_1_64' title='bbox 1346 1360 1528 1450; x_wconf 85' lang='lat' dir='ltr'><strong>displicuit.</strong></span> 
     </span>
    </p>

    <p class='ocr_par' dir='ltr' id='par_1_3' title="bbox 250 1462 1575 2578">
     <span class='ocr_line' id='line_1_9' title="bbox 353 1462 1530 1552; baseline 0 -21"><span class='ocrx_word' id='word_1_65' title='bbox 353 1485 391 1552; x_wconf 91' lang='lat' dir='ltr'><strong>p.</strong></span> <span class='ocrx_word' id='word_1_66' title='bbox 415 1463 470 1549; x_wconf 89' lang='lat'><strong>10,</strong></span> <span class='ocrx_word' id='word_1_67' title='bbox 494 1465 530 1533; x_wconf 84' lang='lat'><strong>2.</strong></span> <span class='ocrx_word' id='word_1_68' title='bbox 584 1468 611 1531; x_wconf 84' lang='grc' dir='ltr'><strong>εἰ</strong></span> <span class='ocrx_word' id='word_1_69' title='bbox 635 1468 728 1543; x_wconf 76' lang='grc' dir='ltr'>αὐτὸς</span> <span class='ocrx_word' id='word_1_70' title='bbox 750 1489 786 1531; x_wconf 82' lang='grc' dir='ltr'><strong>τε</strong></span> <span class='ocrx_word' id='word_1_71' title='bbox 808 1466 952 1551; x_wconf 82' lang='grc' dir='ltr'>ἔρρωσαι]</span> <span class='ocrx_word' id='word_1_72' title='bbox 984 1465 1132 1533; x_wconf 81' lang='lat' dir='ltr'><strong>formula</strong></span> <span class='ocrx_word' id='word_1_73' title='bbox 1162 1463 1356 1532; x_wconf 90' lang='lat' dir='ltr'><strong>communis</strong></span> <span class='ocrx_word' id='word_1_74' title='bbox 1386 1485 1426 1531; x_wconf 86' lang='lat' dir='ltr'><strong>ac</strong></span> <span class='ocrx_word' id='word_1_75' title='bbox 1449 1462 1530 1551; x_wconf 86' lang='lat' dir='ltr'><strong>legi-</strong></span> 
     </span>
     <span class='ocr_line' id='line_1_10' title="bbox 252 1562 1529 1657; baseline 0.002 -26"><span class='ocrx_word' id='word_1_76' title='bbox 252 1562 335 1633; x_wconf 94' lang='lat' dir='ltr'><strong>tima</strong></span> <span class='ocrx_word' id='word_1_77' title='bbox 369 1566 422 1650; x_wconf 89' lang='lat' dir='ltr'><strong>(cl.</strong></span> <span class='ocrx_word' id='word_1_78' title='bbox 447 1590 475 1634; x_wconf 90' lang='lat' dir='ltr'><strong>e.</strong></span> <span class='ocrx_word' id='word_1_79' title='bbox 507 1591 558 1656; x_wconf 86' lang='lat' dir='ltr'><strong>gr.</strong></span> <span class='ocrx_word' id='word_1_80' title='bbox 591 1568 825 1637; x_wconf 87' lang='lat' dir='ltr'><strong>Freudenthal</strong></span> <span class='ocrx_word' id='word_1_81' title='bbox 856 1569 877 1635; x_wconf 92' lang='lat' dir='ltr'><strong>l.</strong></span> <span class='ocrx_word' id='word_1_82' title='bbox 902 1591 929 1636; x_wconf 91' lang='lat' dir='ltr'><strong>c.</strong></span> <span class='ocrx_word' id='word_1_83' title='bbox 953 1568 981 1635; x_wconf 96' lang='lat' dir='ltr'><strong>ll</strong></span> <span class='ocrx_word' id='word_1_84' title='bbox 1004 1591 1035 1657; x_wconf 92' lang='lat' dir='ltr'><strong>p.</strong></span> <span class='ocrx_word' id='word_1_85' title='bbox 1062 1570 1132 1656; x_wconf 86' lang='lat'><strong>165,</strong></span> <span class='ocrx_word' id='word_1_86' title='bbox 1155 1566 1305 1635; x_wconf 87' lang='lat' dir='ltr'><strong>Viereck</strong></span> <span class='ocrx_word' id='word_1_87' title='bbox 1329 1588 1442 1652; x_wconf 86' lang='lat' dir='ltr'><strong>,serm</strong></span> <span class='ocrx_word' id='word_1_88' title='bbox 1465 1568 1529 1654; x_wconf 86' lang='lat' dir='ltr'><strong>gr.‘</strong></span> 
     </span>
     <span class='ocr_line' id='line_1_11' title="bbox 251 1668 1575 1759; baseline -0.001 -22"><span class='ocrx_word' id='word_1_89' title='bbox 251 1689 284 1754; x_wconf 88' lang='lat' dir='ltr'><strong>p.</strong></span> <span class='ocrx_word' id='word_1_90' title='bbox 307 1687 358 1755; x_wconf 89' lang='lat'><strong>74,</strong></span> <span class='ocrx_word' id='word_1_91' title='bbox 382 1668 537 1758; x_wconf 88' lang='lat' dir='ltr'><strong>Mahaffy</strong></span> <span class='ocrx_word' id='word_1_92' title='bbox 559 1692 637 1759; x_wconf 91' lang='lat' dir='ltr'><strong>pap.</strong></span> <span class='ocrx_word' id='word_1_93' title='bbox 662 1670 690 1739; x_wconf 98' lang='lat' dir='ltr'><strong>ll</strong></span> <span class='ocrx_word' id='word_1_94' title='bbox 712 1672 781 1739; x_wconf 93' lang='lat' dir='ltr'><strong>ind.</strong></span> <span class='ocrx_word' id='word_1_95' title='bbox 806 1693 832 1739; x_wconf 91' lang='lat' dir='ltr'><strong>s.</strong></span> <span class='ocrx_word' id='word_1_96' title='bbox 857 1673 1003 1756; x_wconf 85' lang='grc' dir='ltr'>ερρωσοιι)</span> <span class='ocrx_word' id='word_1_97' title='bbox 1024 1710 1068 1718; x_wconf 93' lang='lat'><em>-</em></span> <span class='ocrx_word' id='word_1_98' title='bbox 1091 1692 1181 1758; x_wconf 87' lang='lat' dir='ltr'><strong>quae</strong></span> <span class='ocrx_word' id='word_1_99' title='bbox 1204 1670 1345 1758; x_wconf 92' lang='lat' dir='ltr'><strong>quidem</strong></span> <span class='ocrx_word' id='word_1_100' title='bbox 1376 1691 1456 1753; x_wconf 91' lang='lat' dir='ltr'><strong>non,</strong></span> <span class='ocrx_word' id='word_1_101' title='bbox 1491 1680 1529 1736; x_wconf 93' lang='lat' dir='ltr'><strong>ut</strong></span> <span class='ocrx_word' id='word_1_102' title='bbox 1572 1717 1575 1724; x_wconf 75' lang='lat'><em>,</em></span> 
     </span>
     <span class='ocr_line' id='line_1_12' title="bbox 251 1768 1529 1861; baseline 0.002 -25"><span class='ocrx_word' id='word_1_103' title='bbox 251 1768 333 1837; x_wconf 89' lang='lat' dir='ltr'><strong>olim</strong></span> <span class='ocrx_word' id='word_1_104' title='bbox 357 1770 494 1840; x_wconf 90' lang='lat' dir='ltr'><strong>Cobeto</strong></span> <span class='ocrx_word' id='word_1_105' title='bbox 516 1773 639 1860; x_wconf 89' lang='lat' dir='ltr'><strong>visum,</strong></span> <span class='ocrx_word' id='word_1_106' title='bbox 663 1797 706 1841; x_wconf 88' lang='lat' dir='ltr'><strong>ex</strong></span> <span class='ocrx_word' id='word_1_107' title='bbox 728 1774 968 1842; x_wconf 89' lang='lat' dir='ltr'><strong>Romanorum</strong></span> <span class='ocrx_word' id='word_1_108' title='bbox 991 1773 1139 1842; x_wconf 85' lang='lat' dir='ltr'><strong>formula</strong></span> <span class='ocrx_word' id='word_1_109' title='bbox 1160 1773 1217 1841; x_wconf 91' lang='lat' dir='ltr'><strong>illa</strong></span> <span class='ocrx_word' id='word_1_110' title='bbox 1232 1773 1411 1861; x_wconf 86' lang='lat' dir='ltr'><strong>epistolica</strong></span> <span class='ocrx_word' id='word_1_111' title='bbox 1432 1772 1529 1840; x_wconf 87' lang='lat' dir='ltr'><strong>lluxit</strong></span> 
     </span>
     <span class='ocr_line' id='line_1_13' title="bbox 252 1873 1529 1966; baseline 0.002 -27"><span class='ocrx_word' id='word_1_112' title='bbox 252 1873 315 1940; x_wconf 91' lang='lat' dir='ltr'><strong>sed</strong></span> <span class='ocrx_word' id='word_1_113' title='bbox 339 1875 513 1943; x_wconf 89' lang='lat' dir='ltr'><strong>contrario</strong></span> <span class='ocrx_word' id='word_1_114' title='bbox 536 1876 644 1944; x_wconf 92' lang='lat' dir='ltr'><strong>modo</strong></span> <span class='ocrx_word' id='word_1_115' title='bbox 666 1876 743 1966; x_wconf 91' lang='lat' dir='ltr'><strong>ipsa</strong></span> <span class='ocrx_word' id='word_1_116' title='bbox 765 1876 934 1947; x_wconf 86' lang='lat' dir='ltr'><strong>formulae</strong></span> <span class='ocrx_word' id='word_1_117' title='bbox 956 1876 1047 1944; x_wconf 92' lang='lat' dir='ltr'><strong>illius</strong></span> <span class='ocrx_word' id='word_1_118' title='bbox 1070 1876 1133 1945; x_wconf 86' lang='lat' dir='ltr'><strong>luit</strong></span> <span class='ocrx_word' id='word_1_119' title='bbox 1155 1875 1231 1944; x_wconf 91' lang='lat' dir='ltr'><strong>lons</strong></span> <span class='ocrx_word' id='word_1_120' title='bbox 1253 1916 1305 1962; x_wconf 92' lang='lat'><strong>—,</strong></span> <span class='ocrx_word' id='word_1_121' title='bbox 1329 1876 1529 1948; x_wconf 89' lang='lat' dir='ltr'><strong>necessario</strong></span> 
     </span>
     <span class='ocr_line' id='line_1_14' title="bbox 251 1974 1569 2063; baseline 0.002 -21"><span class='ocrx_word' id='word_1_122' title='bbox 251 1974 306 2043; x_wconf 92' lang='lat' dir='ltr'><strong>hic</strong></span> <span class='ocrx_word' id='word_1_123' title='bbox 329 1976 451 2045; x_wconf 88' lang='lat' dir='ltr'><strong>fuisset</strong></span> <span class='ocrx_word' id='word_1_124' title='bbox 472 1979 687 2049; x_wconf 88' lang='lat' dir='ltr'><strong>restituenda</strong></span> <span class='ocrx_word' id='word_1_125' title='bbox 709 1980 813 2048; x_wconf 92' lang='lat' dir='ltr'><strong>etiam</strong></span> <span class='ocrx_word' id='word_1_126' title='bbox 836 1980 865 2049; x_wconf 90' lang='lat' dir='ltr'><strong>si</strong></span> <span class='ocrx_word' id='word_1_127' title='bbox 888 2001 960 2048; x_wconf 92' lang='lat' dir='ltr'><strong>non</strong></span> <span class='ocrx_word' id='word_1_128' title='bbox 975 1990 1152 2048; x_wconf 87' lang='lat' dir='ltr'><strong>servasset</strong></span> <span class='ocrx_word' id='word_1_129' title='bbox 1166 1978 1338 2047; x_wconf 83' lang='lat' dir='ltr'><strong>Eusebius</strong></span> <span class='ocrx_word' id='word_1_130' title='bbox 1362 1982 1529 2063; x_wconf 89' lang='lat' dir='ltr'><strong>(ceterum</strong></span> <span class='ocrx_word' id='word_1_131' title='bbox 1567 1977 1569 1981; x_wconf 73' lang='grc'>’</span> 
     </span>
     <span class='ocr_line' id='line_1_15' title="bbox 252 2078 1529 2168; baseline 0.004 -24"><span class='ocrx_word' id='word_1_132' title='bbox 252 2078 376 2146; x_wconf 90' lang='lat' dir='ltr'><strong>eodem</strong></span> <span class='ocrx_word' id='word_1_133' title='bbox 399 2081 506 2148; x_wconf 88' lang='lat' dir='ltr'><strong>modo</strong></span> <span class='ocrx_word' id='word_1_134' title='bbox 530 2094 681 2151; x_wconf 89' lang='lat' dir='ltr'><strong>erratum</strong></span> <span class='ocrx_word' id='word_1_135' title='bbox 713 2082 741 2150; x_wconf 97' lang='lat' dir='ltr'><strong>ll</strong></span> <span class='ocrx_word' id='word_1_136' title='bbox 764 2082 870 2151; x_wconf 87' lang='lat' dir='ltr'><strong>Maec.</strong></span> <span class='ocrx_word' id='word_1_137' title='bbox 898 2104 947 2168; x_wconf 92' lang='lat'><strong>11,</strong></span> <span class='ocrx_word' id='word_1_138' title='bbox 977 2084 1022 2151; x_wconf 77' lang='lat'><strong>28</strong></span> <span class='ocrx_word' id='word_1_139' title='bbox 1052 2083 1105 2150; x_wconf 92' lang='lat' dir='ltr'><strong>ed.</strong></span> <span class='ocrx_word' id='word_1_140' title='bbox 1129 2080 1251 2151; x_wconf 88' lang='lat' dir='ltr'><strong>Swete</strong></span> <span class='ocrx_word' id='word_1_141' title='bbox 1281 2083 1317 2150; x_wconf 92' lang='lat' dir='ltr'><strong>in</strong></span> <span class='ocrx_word' id='word_1_142' title='bbox 1350 2082 1529 2150; x_wconf 86' lang='lat' dir='ltr'><strong>codicibus</strong></span> 
     </span>
     <span class='ocr_line' id='line_1_16' title="bbox 250 2180 1529 2275; baseline 0.002 -26"><span class='ocrx_word' id='word_1_143' title='bbox 250 2180 490 2252; x_wconf 87' lang='lat' dir='ltr'><strong>Alexandrino</strong></span> <span class='ocrx_word' id='word_1_144' title='bbox 514 2196 549 2252; x_wconf 91' lang='lat' dir='ltr'><strong>et</strong></span> <span class='ocrx_word' id='word_1_145' title='bbox 571 2186 709 2254; x_wconf 90' lang='lat' dir='ltr'><strong>Veneto</strong></span> <span class='ocrx_word' id='word_1_146' title='bbox 731 2198 782 2275; x_wconf 74' lang='lat' dir='ltr'><strong>gr}</strong></span> <span class='ocrx_word' id='word_1_147' title='bbox 810 2205 846 2254; x_wconf 90' lang='lat'><strong>1:</strong></span> <span class='ocrx_word' id='word_1_148' title='bbox 881 2187 1037 2270; x_wconf 71' lang='grc' dir='ltr'>ἔρρωσθε,</span> <span class='ocrx_word' id='word_1_149' title='bbox 1071 2188 1121 2271; x_wconf 79' lang='grc' dir='ltr'><strong>εἴη</strong></span> <span class='ocrx_word' id='word_1_150' title='bbox 1154 2189 1192 2249; x_wconf 85' lang='grc' dir='ltr'><strong>ἂν</strong></span> <span class='ocrx_word' id='word_1_151' title='bbox 1215 2186 1257 2263; x_wconf 84' lang='grc' dir='ltr'><strong>ὡς</strong></span> <span class='ocrx_word' id='word_1_152' title='bbox 1287 2186 1470 2273; x_wconf 70' lang='grc' dir='ltr'>βουλόμεθα</span> <span class='ocrx_word' id='word_1_153' title='bbox 1494 2198 1529 2253; x_wconf 91' lang='lat' dir='ltr'><strong>et</strong></span> 
     </span>
     <span class='ocr_line' id='line_1_17' title="bbox 250 2289 1528 2374; baseline 0 -20"><span class='ocrx_word' id='word_1_154' title='bbox 250 2306 280 2372; x_wconf 94' lang='lat'><strong>9,</strong></span> <span class='ocrx_word' id='word_1_155' title='bbox 303 2305 364 2355; x_wconf 74' lang='lat' dir='ltr'><strong>ao:</strong></span> <span class='ocrx_word' id='word_1_156' title='bbox 388 2289 530 2372; x_wconf 69' lang='grc' dir='ltr'>ἔρρωσθε</span> <span class='ocrx_word' id='word_1_157' title='bbox 553 2292 608 2353; x_wconf 83' lang='grc' dir='ltr'><strong>καί</strong></span> <span class='ocrx_word' id='word_1_158' title='bbox 632 2291 671 2353; x_wconf 85' lang='grc' dir='ltr'><strong>τὰ</strong></span> <span class='ocrx_word' id='word_1_159' title='bbox 695 2289 791 2354; x_wconf 78' lang='grc' dir='ltr'>τέκνα</span> <span class='ocrx_word' id='word_1_160' title='bbox 822 2292 878 2353; x_wconf 87' lang='grc' dir='ltr'><strong>καὶ</strong></span> <span class='ocrx_word' id='word_1_161' title='bbox 900 2290 941 2352; x_wconf 81' lang='grc' dir='ltr'><strong>τοί</strong></span> <span class='ocrx_word' id='word_1_162' title='bbox 962 2289 1025 2352; x_wconf 83' lang='grc' dir='ltr'>ἴδια</span> <span class='ocrx_word' id='word_1_163' title='bbox 1048 2292 1133 2353; x_wconf 80' lang='grc' dir='ltr'>κατὰ</span> <span class='ocrx_word' id='word_1_164' title='bbox 1156 2289 1284 2374; x_wconf 82' lang='grc' dir='ltr'>γνώμην</span> <span class='ocrx_word' id='word_1_165' title='bbox 1308 2290 1398 2353; x_wconf 82' lang='grc' dir='ltr'>ἔσται</span> <span class='ocrx_word' id='word_1_166' title='bbox 1430 2290 1528 2370; x_wconf 84' lang='grc' dir='ltr'>(ἐστὶν</span> 
     </span>
     <span class='ocr_line' id='line_1_18' title="bbox 251 2375 1528 2480; baseline 0.002 -27"><span class='ocrx_word' id='word_1_167' title='bbox 251 2388 373 2456; x_wconf 90' lang='lat' dir='ltr'><strong>melius</strong></span> <span class='ocrx_word' id='word_1_168' title='bbox 388 2375 489 2476; x_wconf 82' lang='lat' dir='ltr'><strong>Ven.)</strong></span> <span class='ocrx_word' id='word_1_169' title='bbox 512 2391 595 2477; x_wconf 76' lang='grc' dir='ltr'>ὑμῖνε</span> <span class='ocrx_word' id='word_1_170' title='bbox 613 2402 764 2480; x_wconf 90' lang='lat' dir='ltr'><strong>utroque</strong></span> <span class='ocrx_word' id='word_1_171' title='bbox 779 2391 856 2459; x_wconf 91' lang='lat' dir='ltr'><strong>loco</strong></span> <span class='ocrx_word' id='word_1_172' title='bbox 871 2391 906 2458; x_wconf 90' lang='lat' dir='ltr'><strong>in</strong></span> <span class='ocrx_word' id='word_1_173' title='bbox 922 2390 1133 2459; x_wconf 88' lang='lat' dir='ltr'><strong>editionibus</strong></span> <span class='ocrx_word' id='word_1_174' title='bbox 1148 2391 1325 2479; x_wconf 90' lang='lat' dir='ltr'><strong>plerisque</strong></span> <span class='ocrx_word' id='word_1_175' title='bbox 1343 2393 1370 2456; x_wconf 85' lang='grc' dir='ltr'><strong>εἰ</strong></span> <span class='ocrx_word' id='word_1_176' title='bbox 1386 2393 1528 2477; x_wconf 70' lang='grc' dir='ltr'>ἔρρωσθε</span> 
     </span>
     <span class='ocr_line' id='line_1_19' title="bbox 251 2493 664 2578; baseline 0.015 -22"><span class='ocrx_word' id='word_1_177' title='bbox 251 2501 345 2558; x_wconf 90' lang='lat' dir='ltr'><strong>recte</strong></span> <span class='ocrx_word' id='word_1_178' title='bbox 368 2504 422 2559; x_wconf 89' lang='lat' dir='ltr'><strong>est</strong></span> <span class='ocrx_word' id='word_1_179' title='bbox 442 2493 664 2578; x_wconf 86' lang='lat' dir='ltr'><strong>restitutum).</strong></span> 
     </span>
    </p>

    <p class='ocr_par' dir='ltr' id='par_1_4' title="bbox 251 2594 1529 2893">
     <span class='ocr_line' id='line_1_20' title="bbox 335 2594 1529 2686; baseline 0.003 -24"><span class='ocrx_word' id='word_1_180' title='bbox 335 2614 374 2682; x_wconf 85' lang='lat' dir='ltr'><strong>p.</strong></span> <span class='ocrx_word' id='word_1_181' title='bbox 390 2594 446 2680; x_wconf 89' lang='lat'><strong>10,</strong></span> <span class='ocrx_word' id='word_1_182' title='bbox 463 2595 486 2663; x_wconf 87' lang='grc'><em>2</em></span> <span class='ocrx_word' id='word_1_183' title='bbox 503 2615 564 2686; x_wconf 90' lang='lat' dir='ltr'><strong>sq.</strong></span> <span class='ocrx_word' id='word_1_184' title='bbox 610 2599 630 2684; x_wconf 74' lang='grc' dir='ltr'>ἡ</span> <span class='ocrx_word' id='word_1_185' title='bbox 648 2597 817 2684; x_wconf 77' lang='grc' dir='ltr'>βασίλισσα</span> <span class='ocrx_word' id='word_1_186' title='bbox 832 2597 994 2684; x_wconf 82' lang='grc' dir='ltr'>Ἀρσινόη,</span> <span class='ocrx_word' id='word_1_187' title='bbox 1019 2598 1194 2683; x_wconf 76' lang='grc' dir='ltr'>ἠάδελφίγ,</span> <span class='ocrx_word' id='word_1_188' title='bbox 1219 2597 1274 2661; x_wconf 87' lang='grc' dir='ltr'><strong>καί</strong></span> <span class='ocrx_word' id='word_1_189' title='bbox 1291 2599 1332 2660; x_wconf 81' lang='grc' dir='ltr'><strong>τὰ</strong></span> <span class='ocrx_word' id='word_1_190' title='bbox 1353 2596 1461 2680; x_wconf 78' lang='grc' dir='ltr'>τέκνα]</span> <span class='ocrx_word' id='word_1_191' title='bbox 1484 2597 1529 2664; x_wconf 94' lang='lat' dir='ltr'><strong>ad</strong></span> 
     </span>
     <span class='ocr_line' id='line_1_21' title="bbox 251 2694 1529 2789; baseline 0.002 -26"><span class='ocrx_word' id='word_1_192' title='bbox 251 2694 416 2764; x_wconf 88' lang='lat' dir='ltr'><strong>historiae</strong></span> <span class='ocrx_word' id='word_1_193' title='bbox 439 2697 544 2767; x_wconf 88' lang='lat' dir='ltr'><strong>fidem</strong></span> <span class='ocrx_word' id='word_1_194' title='bbox 568 2700 596 2768; x_wconf 93' lang='lat' dir='ltr'><strong>si</strong></span> <span class='ocrx_word' id='word_1_195' title='bbox 620 2701 788 2769; x_wconf 90' lang='lat' dir='ltr'><strong>vellemus</strong></span> <span class='ocrx_word' id='word_1_196' title='bbox 812 2702 899 2769; x_wconf 88' lang='lat' dir='ltr'><strong>haec</strong></span> <span class='ocrx_word' id='word_1_197' title='bbox 914 2701 1063 2789; x_wconf 87' lang='lat' dir='ltr'><strong>exigere,</strong></span> <span class='ocrx_word' id='word_1_198' title='bbox 1088 2699 1281 2789; x_wconf 87' lang='lat' dir='ltr'><strong>putandum</strong></span> <span class='ocrx_word' id='word_1_199' title='bbox 1296 2699 1416 2787; x_wconf 89' lang='lat' dir='ltr'><strong>utique</strong></span> <span class='ocrx_word' id='word_1_200' title='bbox 1434 2711 1529 2766; x_wconf 89' lang='lat' dir='ltr'><strong>esset</strong></span> 
     </span>
     <span class='ocr_line' id='line_1_22' title="bbox 251 2798 1528 2893; baseline 0.002 -27"><span class='ocrx_word' id='word_1_201' title='bbox 251 2798 341 2867; x_wconf 91' lang='lat' dir='ltr'><strong>hanc</strong></span> <span class='ocrx_word' id='word_1_202' title='bbox 364 2800 546 2889; x_wconf 90' lang='lat' dir='ltr'><strong>epistulam</strong></span> <span class='ocrx_word' id='word_1_203' title='bbox 569 2803 676 2872; x_wconf 82' lang='lat' dir='ltr'><strong>fuisse</strong></span> <span class='ocrx_word' id='word_1_204' title='bbox 698 2803 863 2893; x_wconf 90' lang='lat' dir='ltr'><strong>scriptam</strong></span> <span class='ocrx_word' id='word_1_205' title='bbox 885 2815 968 2893; x_wconf 94' lang='lat' dir='ltr'><strong>post</strong></span> <span class='ocrx_word' id='word_1_206' title='bbox 1001 2825 1129 2872; x_wconf 89' lang='lat' dir='ltr'><strong>annum</strong></span> <span class='ocrx_word' id='word_1_207' title='bbox 1153 2821 1236 2891; x_wconf 81' lang='lat'><strong>274:</strong></span> <span class='ocrx_word' id='word_1_208' title='bbox 1269 2801 1326 2870; x_wconf 91' lang='lat' dir='ltr'><strong>illo</strong></span> <span class='ocrx_word' id='word_1_209' title='bbox 1358 2801 1459 2888; x_wconf 90' lang='lat' dir='ltr'><strong>enim,</strong></span> <span class='ocrx_word' id='word_1_210' title='bbox 1490 2814 1528 2870; x_wconf 92' lang='lat' dir='ltr'><strong>ut</strong></span> 
     </span>
    </p>
   </div>
   <div class='ocr_carea' id='block_1_3' title="bbox 249 2903 1624 2995">
    <p class='ocr_par' dir='ltr' id='par_1_5' title="bbox 249 2903 1624 2995">
     <span class='ocr_line' id='line_1_23' title="bbox 249 2903 1624 2995; baseline 0.001 -24"><span class='ocrx_word' id='word_1_211' title='bbox 249 2903 395 2991; x_wconf 90' lang='lat' dir='ltr'><strong>videtur,</strong></span> <span class='ocrx_word' id='word_1_212' title='bbox 419 2928 511 2974; x_wconf 92' lang='lat' dir='ltr'><strong>anno</strong></span> <span class='ocrx_word' id='word_1_213' title='bbox 535 2906 782 2995; x_wconf 88' lang='lat' dir='ltr'><strong>Philadelphus</strong></span> <span class='ocrx_word' id='word_1_214' title='bbox 803 2907 990 2993; x_wconf 85' lang='lat' dir='ltr'><strong>Arsinoen,</strong></span> <span class='ocrx_word' id='word_1_215' title='bbox 1024 2929 1183 2975; x_wconf 88' lang='lat' dir='ltr'><strong>sororem</strong></span> <span class='ocrx_word' id='word_1_216' title='bbox 1206 2929 1314 2991; x_wconf 90' lang='lat' dir='ltr'><strong>suam,</strong></span> <span class='ocrx_word' id='word_1_217' title='bbox 1347 2905 1528 2994; x_wconf 88' lang='lat' dir='ltr'><strong>repudiata</strong></span> <span class='ocrx_word' id='word_1_218' title='bbox 1622 2935 1624 2940; x_wconf 52' lang='lat'><strong><em>¹</em></strong></span> 
     </span>
    </p>
   </div>
   <div class='ocr_carea' id='block_1_4' title="bbox 249 3007 1528 4129">
    <p class='ocr_par' dir='ltr' id='par_1_6' title="bbox 249 3007 1528 3816">
     <span class='ocr_line' id='line_1_24' title="bbox 249 3007 1528 3099; baseline 0 -25"><span class='ocrx_word' id='word_1_219' title='bbox 249 3007 367 3095; x_wconf 91' lang='lat' dir='ltr'><strong>priore</strong></span> <span class='ocrx_word' id='word_1_220' title='bbox 396 3007 558 3095; x_wconf 85' lang='lat' dir='ltr'><strong>Arsinoe,</strong></span> <span class='ocrx_word' id='word_1_221' title='bbox 591 3010 789 3099; x_wconf 90' lang='lat' dir='ltr'><strong>Lysimachi</strong></span> <span class='ocrx_word' id='word_1_222' title='bbox 820 3010 899 3097; x_wconf 88' lang='lat' dir='ltr'><strong>filia,</strong></span> <span class='ocrx_word' id='word_1_223' title='bbox 932 3032 1079 3078; x_wconf 85' lang='lat' dir='ltr'><strong>uxorem</strong></span> <span class='ocrx_word' id='word_1_224' title='bbox 1112 3008 1209 3077; x_wconf 84' lang='lat' dir='ltr'><strong>duxit</strong></span> <span class='ocrx_word' id='word_1_225' title='bbox 1239 3010 1284 3092; x_wconf 88' lang='lat' dir='ltr'><strong>(v.</strong></span> <span class='ocrx_word' id='word_1_226' title='bbox 1309 3008 1350 3077; x_wconf 89' lang='lat' dir='ltr'><strong>U.</strong></span> <span class='ocrx_word' id='word_1_227' title='bbox 1374 3007 1528 3076; x_wconf 89' lang='lat' dir='ltr'><strong>Koehler</strong></span> 
     </span>
     <span class='ocr_line' id='line_1_25' title="bbox 250 3109 1528 3203; baseline 0.001 -26"><span class='ocrx_word' id='word_1_228' title='bbox 250 3109 339 3178; x_wconf 90' lang='lat' dir='ltr'><strong>Berl.</strong></span> <span class='ocrx_word' id='word_1_229' title='bbox 359 3110 599 3200; x_wconf 87' lang='lat' dir='ltr'><strong>Sitzungsber.</strong></span> <span class='ocrx_word' id='word_1_230' title='bbox 616 3115 699 3202; x_wconf 79' lang='lat'>1895</span> <span class='ocrx_word' id='word_1_231' title='bbox 714 3137 747 3203; x_wconf 93' lang='lat' dir='ltr'><strong>p.</strong></span> <span class='ocrx_word' id='word_1_232' title='bbox 764 3118 851 3203; x_wconf 84' lang='lat'><strong>971).</strong></span> <span class='ocrx_word' id='word_1_233' title='bbox 897 3126 1002 3203; x_wconf 90' lang='lat' dir='ltr'><strong>atque</strong></span> <span class='ocrx_word' id='word_1_234' title='bbox 1019 3135 1096 3181; x_wconf 92' lang='lat' dir='ltr'><strong>cum</strong></span> <span class='ocrx_word' id='word_1_235' title='bbox 1114 3112 1223 3181; x_wconf 89' lang='lat' dir='ltr'><strong>altera</strong></span> <span class='ocrx_word' id='word_1_236' title='bbox 1238 3111 1295 3179; x_wconf 91' lang='lat' dir='ltr'><strong>illa</strong></span> <span class='ocrx_word' id='word_1_237' title='bbox 1309 3110 1462 3180; x_wconf 87' lang='lat' dir='ltr'><strong>Arsinoe</strong></span> <span class='ocrx_word' id='word_1_238' title='bbox 1485 3133 1528 3178; x_wconf 86' lang='lat' dir='ltr'><strong>ex</strong></span> 
     </span>
     <span class='ocr_line' id='line_1_26' title="bbox 250 3212 1525 3304; baseline 0.002 -25"><span class='ocrx_word' id='word_1_239' title='bbox 250 3212 355 3280; x_wconf 82' lang='lat' dir='ltr'><strong>fratre</strong></span> <span class='ocrx_word' id='word_1_240' title='bbox 370 3236 442 3283; x_wconf 90' lang='lat' dir='ltr'><strong>non</strong></span> <span class='ocrx_word' id='word_1_241' title='bbox 457 3215 617 3283; x_wconf 93' lang='lat' dir='ltr'><strong>habuerit</strong></span> <span class='ocrx_word' id='word_1_242' title='bbox 631 3215 760 3284; x_wconf 90' lang='lat' dir='ltr'><strong>liberos</strong></span> <span class='ocrx_word' id='word_1_243' title='bbox 777 3218 822 3299; x_wconf 86' lang='lat' dir='ltr'><strong>(v.</strong></span> <span class='ocrx_word' id='word_1_244' title='bbox 839 3216 994 3304; x_wconf 84' lang='lat' dir='ltr'><strong>Mahaffy</strong></span> <span class='ocrx_word' id='word_1_245' title='bbox 1010 3238 1110 3303; x_wconf 88' lang='lat' dir='ltr'><strong>,emp</strong></span> <span class='ocrx_word' id='word_1_246' title='bbox 1127 3216 1167 3283; x_wconf 86' lang='lat' dir='ltr'><strong>os</strong></span> <span class='ocrx_word' id='word_1_247' title='bbox 1177 3216 1237 3282; x_wconf 91' lang='lat' dir='ltr'><strong>the</strong></span> <span class='ocrx_word' id='word_1_248' title='bbox 1253 3214 1351 3282; x_wconf 82' lang='lat' dir='ltr'><strong>Ptol‘</strong></span> <span class='ocrx_word' id='word_1_249' title='bbox 1368 3237 1400 3303; x_wconf 90' lang='lat' dir='ltr'><strong>p.</strong></span> <span class='ocrx_word' id='word_1_250' title='bbox 1420 3233 1490 3302; x_wconf 85' lang='lat'><strong>155,</strong></span> <span class='ocrx_word' id='word_1_251' title='bbox 1510 3236 1525 3281; x_wconf 91' lang='lat'>1</span> 
     </span>
     <span class='ocr_line' id='line_1_27' title="bbox 251 3315 1528 3406; baseline -0.001 -24"><span class='ocrx_word' id='word_1_252' title='bbox 251 3327 285 3383; x_wconf 91' lang='lat' dir='ltr'><strong>et</strong></span> <span class='ocrx_word' id='word_1_253' title='bbox 318 3340 371 3406; x_wconf 94' lang='lat' dir='ltr'><strong>ap.</strong></span> <span class='ocrx_word' id='word_1_254' title='bbox 397 3316 613 3387; x_wconf 81' lang='lat' dir='ltr'><strong>Grenfellum</strong></span> <span class='ocrx_word' id='word_1_255' title='bbox 645 3340 809 3405; x_wconf 89' lang='lat' dir='ltr'><strong>,revenue</strong></span> <span class='ocrx_word' id='word_1_256' title='bbox 840 3319 927 3388; x_wconf 88' lang='lat' dir='ltr'><strong>laws</strong></span> <span class='ocrx_word' id='word_1_257' title='bbox 959 3319 999 3387; x_wconf 87' lang='lat' dir='ltr'><strong>of</strong></span> <span class='ocrx_word' id='word_1_258' title='bbox 1025 3318 1112 3387; x_wconf 92' lang='lat' dir='ltr'><strong>Ptol.</strong></span> <span class='ocrx_word' id='word_1_259' title='bbox 1145 3317 1242 3385; x_wconf 86' lang='lat' dir='ltr'><strong>Phil‘</strong></span> <span class='ocrx_word' id='word_1_260' title='bbox 1276 3340 1308 3406; x_wconf 93' lang='lat' dir='ltr'><strong>p.</strong></span> <span class='ocrx_word' id='word_1_261' title='bbox 1340 3315 1462 3402; x_wconf 87' lang='lat' dir='ltr'><strong>XXII),</strong></span> <span class='ocrx_word' id='word_1_262' title='bbox 1487 3320 1528 3381; x_wconf 83' lang='grc' dir='ltr'><strong>τα</strong></span> 
     </span>
     <span class='ocr_line' id='line_1_28' title="bbox 250 3418 1528 3512; baseline 0.004 -31"><span class='ocrx_word' id='word_1_263' title='bbox 250 3418 360 3503; x_wconf 77' lang='grc' dir='ltr'>τέκνα,</span> <span class='ocrx_word' id='word_1_264' title='bbox 385 3420 414 3488; x_wconf 93' lang='lat' dir='ltr'><strong>si</strong></span> <span class='ocrx_word' id='word_1_265' title='bbox 445 3420 612 3489; x_wconf 89' lang='lat' dir='ltr'><strong>vellemus</strong></span> <span class='ocrx_word' id='word_1_266' title='bbox 645 3422 744 3510; x_wconf 89' lang='lat' dir='ltr'><strong>quasi</strong></span> <span class='ocrx_word' id='word_1_267' title='bbox 775 3445 936 3512; x_wconf 86' lang='lat' dir='ltr'><strong>premere</strong></span> <span class='ocrx_word' id='word_1_268' title='bbox 967 3421 1150 3489; x_wconf 79' lang='lat' dir='ltr'><strong>formulam</strong></span> <span class='ocrx_word' id='word_1_269' title='bbox 1183 3420 1364 3504; x_wconf 89' lang='lat' dir='ltr'><strong>usitatam,</strong></span> <span class='ocrx_word' id='word_1_270' title='bbox 1401 3418 1528 3509; x_wconf 89' lang='lat' dir='ltr'><strong>prioris</strong></span> 
     </span>
     <span class='ocr_line' id='line_1_29' title="bbox 250 3521 1525 3612; baseline 0 -24"><span class='ocrx_word' id='word_1_271' title='bbox 250 3521 472 3611; x_wconf 89' lang='lat' dir='ltr'><strong>intellegendi</strong></span> <span class='ocrx_word' id='word_1_272' title='bbox 498 3536 616 3592; x_wconf 87' lang='lat' dir='ltr'><strong>essent</strong></span> <span class='ocrx_word' id='word_1_273' title='bbox 637 3525 809 3594; x_wconf 89' lang='lat' dir='ltr'><strong>Arsinoes</strong></span> <span class='ocrx_word' id='word_1_274' title='bbox 831 3525 930 3593; x_wconf 92' lang='lat' dir='ltr'><strong>liberi</strong></span> <span class='ocrx_word' id='word_1_275' title='bbox 952 3526 997 3593; x_wconf 90' lang='lat' dir='ltr'><strong>ab</strong></span> <span class='ocrx_word' id='word_1_276' title='bbox 1021 3525 1129 3593; x_wconf 90' lang='lat' dir='ltr'><strong>altera</strong></span> <span class='ocrx_word' id='word_1_277' title='bbox 1160 3523 1316 3612; x_wconf 89' lang='lat' dir='ltr'><strong>adoptati</strong></span> <span class='ocrx_word' id='word_1_278' title='bbox 1348 3527 1393 3606; x_wconf 87' lang='grc' dir='ltr'><strong>(ν.</strong></span> <span class='ocrx_word' id='word_1_279' title='bbox 1418 3522 1525 3591; x_wconf 92' lang='lat' dir='ltr'><strong>schol.</strong></span> 
     </span>
     <span class='ocr_line' id='line_1_30' title="bbox 249 3623 1526 3717; baseline 0 -26"><span class='ocrx_word' id='word_1_280' title='bbox 249 3623 399 3693; x_wconf 88' lang='lat' dir='ltr'><strong>Theocr.</strong></span> <span class='ocrx_word' id='word_1_281' title='bbox 425 3648 474 3716; x_wconf 84' lang='lat'><strong>17,</strong></span> <span class='ocrx_word' id='word_1_282' title='bbox 500 3628 579 3695; x_wconf 81' lang='lat'>128:</span> <span class='ocrx_word' id='word_1_283' title='bbox 603 3627 714 3696; x_wconf 90' lang='lat' dir='ltr'><strong>bucol.</strong></span> <span class='ocrx_word' id='word_1_284' title='bbox 740 3627 801 3697; x_wconf 90' lang='lat' dir='ltr'><strong>Gr.</strong></span> <span class='ocrx_word' id='word_1_285' title='bbox 819 3628 872 3695; x_wconf 91' lang='lat' dir='ltr'><strong>ed.</strong></span> <span class='ocrx_word' id='word_1_286' title='bbox 896 3627 983 3695; x_wconf 91' lang='lat' dir='ltr'><strong>Ahr.</strong></span> <span class='ocrx_word' id='word_1_287' title='bbox 999 3627 1028 3695; x_wconf 87' lang='grc' dir='ltr'><strong>ΙΙ</strong></span> <span class='ocrx_word' id='word_1_288' title='bbox 1042 3650 1074 3716; x_wconf 92' lang='lat' dir='ltr'><strong>p.</strong></span> <span class='ocrx_word' id='word_1_289' title='bbox 1091 3630 1177 3717; x_wconf 83' lang='lat'><strong>427).</strong></span> <span class='ocrx_word' id='word_1_290' title='bbox 1222 3637 1258 3693; x_wconf 92' lang='lat' dir='ltr'><strong>at</strong></span> <span class='ocrx_word' id='word_1_291' title='bbox 1274 3625 1407 3709; x_wconf 91' lang='lat' dir='ltr'><strong>melius,</strong></span> <span class='ocrx_word' id='word_1_292' title='bbox 1431 3635 1526 3713; x_wconf 90' lang='lat' dir='ltr'><strong>puto,</strong></span> 
     </span>
     <span class='ocr_line' id='line_1_31' title="bbox 249 3726 703 3816; baseline 0.013 -24"><span class='ocrx_word' id='word_1_293' title='bbox 249 3726 314 3794; x_wconf 91' lang='lat' dir='ltr'><strong>has</strong></span> <span class='ocrx_word' id='word_1_294' title='bbox 338 3728 491 3816; x_wconf 83' lang='lat' dir='ltr'><strong>argutias</strong></span> <span class='ocrx_word' id='word_1_295' title='bbox 517 3729 703 3798; x_wconf 89' lang='lat' dir='ltr'><strong>mittemus.</strong></span> 
     </span>
    </p>

    <p class='ocr_par' dir='ltr' id='par_1_7' title="bbox 251 3829 1525 4129">
     <span class='ocr_line' id='line_1_32' title="bbox 350 3829 1522 3923; baseline -0.001 -25"><span class='ocrx_word' id='word_1_296' title='bbox 350 3851 389 3919; x_wconf 91' lang='lat' dir='ltr'><strong>p.</strong></span> <span class='ocrx_word' id='word_1_297' title='bbox 412 3831 468 3917; x_wconf 89' lang='lat'><strong>10,</strong></span> <span class='ocrx_word' id='word_1_298' title='bbox 491 3832 602 3923; x_wconf 84' lang='lat' dir='ltr'><strong>3sq..</strong></span> <span class='ocrx_word' id='word_1_299' title='bbox 641 3837 696 3898; x_wconf 80' lang='grc' dir='ltr'><strong>καὶ</strong></span> <span class='ocrx_word' id='word_1_300' title='bbox 720 3835 809 3897; x_wconf 80' lang='grc' dir='ltr'>αὐτοὶ</span> <span class='ocrx_word' id='word_1_301' title='bbox 824 3834 858 3898; x_wconf 81' lang='grc' dir='ltr'><strong>δὲ</strong></span> <span class='ocrx_word' id='word_1_302' title='bbox 874 3833 1063 3920; x_wconf 74' lang='grc' dir='ltr'>ὑγιαίνομεν]</span> <span class='ocrx_word' id='word_1_303' title='bbox 1080 3844 1114 3900; x_wconf 90' lang='lat' dir='ltr'><strong>et</strong></span> <span class='ocrx_word' id='word_1_304' title='bbox 1137 3832 1186 3900; x_wconf 90' lang='lat' dir='ltr'><strong>sic</strong></span> <span class='ocrx_word' id='word_1_305' title='bbox 1209 3842 1303 3899; x_wconf 88' lang='lat' dir='ltr'><strong>recte</strong></span> <span class='ocrx_word' id='word_1_306' title='bbox 1321 3830 1445 3898; x_wconf 89' lang='lat' dir='ltr'><strong>dicitur</strong></span> <span class='ocrx_word' id='word_1_307' title='bbox 1469 3829 1522 3912; x_wconf 80' lang='lat' dir='ltr'><strong>(cl.</strong></span> 
     </span>
     <span class='ocr_line' id='line_1_33' title="bbox 251 3933 1525 4026; baseline -0.001 -29"><span class='ocrx_word' id='word_1_308' title='bbox 251 3953 279 3999; x_wconf 92' lang='lat' dir='ltr'><strong>e.</strong></span> <span class='ocrx_word' id='word_1_309' title='bbox 302 3954 354 4020; x_wconf 85' lang='lat' dir='ltr'><strong>gr.</strong></span> <span class='ocrx_word' id='word_1_310' title='bbox 378 3933 479 4003; x_wconf 90' lang='lat' dir='ltr'><strong>inser.</strong></span> <span class='ocrx_word' id='word_1_311' title='bbox 504 3935 623 4004; x_wconf 89' lang='lat' dir='ltr'><strong>Herm.</strong></span> <span class='ocrx_word' id='word_1_312' title='bbox 647 3959 691 4025; x_wconf 73' lang='lat'><strong>29</strong></span> <span class='ocrx_word' id='word_1_313' title='bbox 712 3959 745 4025; x_wconf 94' lang='lat' dir='ltr'><strong>p.</strong></span> <span class='ocrx_word' id='word_1_314' title='bbox 769 3938 842 4026; x_wconf 78' lang='lat'><strong>436,</strong></span> <span class='ocrx_word' id='word_1_315' title='bbox 865 3941 899 4025; x_wconf 83' lang='lat'><strong>3)</strong></span> <span class='ocrx_word' id='word_1_316' title='bbox 923 3949 958 4004; x_wconf 92' lang='lat' dir='ltr'><strong>et</strong></span> <span class='ocrx_word' id='word_1_317' title='bbox 981 3937 1121 4004; x_wconf 91' lang='lat' dir='ltr'><strong>inverso</strong></span> <span class='ocrx_word' id='word_1_318' title='bbox 1154 3935 1259 4002; x_wconf 90' lang='lat' dir='ltr'><strong>modo</strong></span> <span class='ocrx_word' id='word_1_319' title='bbox 1291 3934 1468 4018; x_wconf 80' lang='grc' dir='ltr'>ὑγιαίνομεν</span> <span class='ocrx_word' id='word_1_320' title='bbox 1491 3934 1525 3996; x_wconf 83' lang='grc' dir='ltr'><strong>δὲ</strong></span> 
     </span>
     <span class='ocr_line' id='line_1_34' title="bbox 252 4035 1070 4129; baseline 0.01 -31"><span class='ocrx_word' id='word_1_321' title='bbox 252 4039 308 4099; x_wconf 80' lang='grc' dir='ltr'><strong>καὶ</strong></span> <span class='ocrx_word' id='word_1_322' title='bbox 329 4035 419 4101; x_wconf 89' lang='grc' dir='ltr'>αὐτοί</span> <span class='ocrx_word' id='word_1_323' title='bbox 441 4036 610 4127; x_wconf 85' lang='lat' dir='ltr'><strong>(Mahaffy</strong></span> <span class='ocrx_word' id='word_1_324' title='bbox 631 4063 711 4129; x_wconf 89' lang='lat' dir='ltr'><strong>pap.</strong></span> <span class='ocrx_word' id='word_1_325' title='bbox 734 4040 762 4108; x_wconf 96' lang='lat' dir='ltr'><strong>ll</strong></span> <span class='ocrx_word' id='word_1_326' title='bbox 784 4063 817 4129; x_wconf 89' lang='lat' dir='ltr'><strong>p.</strong></span> <span class='ocrx_word' id='word_1_327' title='bbox 842 4042 924 4129; x_wconf 83' lang='lat'><strong>[135,</strong></span> <span class='ocrx_word' id='word_1_328' title='bbox 949 4042 981 4125; x_wconf 90' lang='grc'><strong>8]</strong></span> <span class='ocrx_word' id='word_1_329' title='bbox 1004 4041 1070 4125; x_wconf 86' lang='lat' dir='ltr'><strong>al).</strong></span> 
     </span>
    </p>
   </div>
   <div class='ocr_carea' id='block_1_5' title="bbox 827 4294 945 4406">
    <p class='ocr_par' dir='ltr' id='par_1_8' title="bbox 827 4294 945 4406">
     <span class='ocr_line' id='line_1_35' title="bbox 827 4294 945 4406; baseline -0.008 -26"><span class='ocrx_word' id='word_1_330' title='bbox 827 4294 854 4406; x_wconf 68' lang='grc' dir='ltr'>μ</span> <span class='ocrx_word' id='word_1_331' title='bbox 880 4295 945 4380; x_wconf 80' lang='lat'><strong>35.</strong></span> 
     </span>
    </p>
   </div>
   <div class='ocr_carea' id='block_1_6' title="bbox 248 4467 1526 4970">
    <p class='ocr_par' dir='ltr' id='par_1_9' title="bbox 248 4467 1526 4970">
     <span class='ocr_line' id='line_1_36' title="bbox 357 4467 1523 4559; baseline 0.002 -23"><span class='ocrx_word' id='word_1_332' title='bbox 357 4489 395 4556; x_wconf 89' lang='lat' dir='ltr'><strong>p.</strong></span> <span class='ocrx_word' id='word_1_333' title='bbox 418 4467 474 4553; x_wconf 89' lang='lat'><strong>10,</strong></span> <span class='ocrx_word' id='word_1_334' title='bbox 498 4468 534 4536; x_wconf 82' lang='lat'><strong>4.</strong></span> <span class='ocrx_word' id='word_1_335' title='bbox 579 4468 728 4556; x_wconf 82' lang='grc' dir='ltr'>λαβόντες</span> <span class='ocrx_word' id='word_1_336' title='bbox 750 4472 809 4555; x_wconf 73' lang='grc' dir='ltr'><strong>τὴν</strong></span> <span class='ocrx_word' id='word_1_337' title='bbox 832 4472 918 4554; x_wconf 80' lang='grc' dir='ltr'>παρὰ</span> <span class='ocrx_word' id='word_1_338' title='bbox 941 4480 997 4533; x_wconf 86' lang='grc' dir='ltr'><strong>σοῦ</strong></span> <span class='ocrx_word' id='word_1_339' title='bbox 1013 4468 1195 4556; x_wconf 69' lang='grc' dir='ltr'>ἐπιστολὴν]</span> <span class='ocrx_word' id='word_1_340' title='bbox 1212 4467 1367 4538; x_wconf 91' lang='lat' dir='ltr'><strong>similiter</strong></span> <span class='ocrx_word' id='word_1_341' title='bbox 1383 4470 1523 4559; x_wconf 91' lang='lat' dir='ltr'><strong>quidem</strong></span> 
     </span>
     <span class='ocr_line' id='line_1_37' title="bbox 250 4568 1526 4660; baseline 0.002 -24"><span class='ocrx_word' id='word_1_342' title='bbox 250 4568 354 4637; x_wconf 91' lang='lat' dir='ltr'><strong>locuti</strong></span> <span class='ocrx_word' id='word_1_343' title='bbox 377 4582 458 4638; x_wconf 92' lang='lat' dir='ltr'><strong>sunt</strong></span> <span class='ocrx_word' id='word_1_344' title='bbox 479 4571 641 4660; x_wconf 91' lang='lat' dir='ltr'><strong>Vaphres</strong></span> <span class='ocrx_word' id='word_1_345' title='bbox 664 4582 698 4639; x_wconf 91' lang='lat' dir='ltr'><strong>et</strong></span> <span class='ocrx_word' id='word_1_346' title='bbox 720 4568 813 4639; x_wconf 88' lang='lat' dir='ltr'><strong>Suro</strong></span> <span class='ocrx_word' id='word_1_347' title='bbox 837 4571 1095 4660; x_wconf 86' lang='lat' dir='ltr'><strong>Eupolemiani:</strong></span> <span class='ocrx_word' id='word_1_348' title='bbox 1119 4575 1186 4658; x_wconf 85' lang='grc' dir='ltr'><strong>ἅμα</strong></span> <span class='ocrx_word' id='word_1_349' title='bbox 1209 4582 1254 4658; x_wconf 85' lang='grc' dir='ltr'><strong>τῷ</strong></span> <span class='ocrx_word' id='word_1_350' title='bbox 1277 4575 1452 4657; x_wconf 80' lang='grc' dir='ltr'>ἀναγνῶναι</span> <span class='ocrx_word' id='word_1_351' title='bbox 1468 4577 1526 4659; x_wconf 72' lang='grc' dir='ltr'><strong>τὴν</strong></span> 
     </span>
     <span class='ocr_line' id='line_1_38' title="bbox 250 4672 1526 4764; baseline 0.005 -28"><span class='ocrx_word' id='word_1_352' title='bbox 250 4676 335 4758; x_wconf 75' lang='grc' dir='ltr'>παρὰ</span> <span class='ocrx_word' id='word_1_353' title='bbox 358 4684 413 4738; x_wconf 84' lang='grc' dir='ltr'><strong>σοῦ</strong></span> <span class='ocrx_word' id='word_1_354' title='bbox 437 4675 610 4760; x_wconf 78' lang='grc' dir='ltr'>ἐπιστολὴν</span> <span class='ocrx_word' id='word_1_355' title='bbox 631 4674 878 4758; x_wconf 87' lang='lat' dir='ltr'><strong>(Freudenthal</strong></span> <span class='ocrx_word' id='word_1_356' title='bbox 895 4675 973 4742; x_wconf 89' lang='lat' dir='ltr'><strong>hell.</strong></span> <span class='ocrx_word' id='word_1_357' title='bbox 993 4672 1045 4743; x_wconf 88' lang='lat' dir='ltr'><strong>St.</strong></span> <span class='ocrx_word' id='word_1_358' title='bbox 1069 4674 1097 4742; x_wconf 98' lang='lat' dir='ltr'><strong>ll</strong></span> <span class='ocrx_word' id='word_1_359' title='bbox 1119 4697 1152 4764; x_wconf 93' lang='lat' dir='ltr'><strong>p.</strong></span> <span class='ocrx_word' id='word_1_360' title='bbox 1179 4680 1262 4762; x_wconf 77' lang='lat'><strong>110),</strong></span> <span class='ocrx_word' id='word_1_361' title='bbox 1285 4688 1321 4743; x_wconf 91' lang='lat' dir='ltr'><strong>at</strong></span> <span class='ocrx_word' id='word_1_362' title='bbox 1340 4675 1410 4743; x_wconf 92' lang='lat' dir='ltr'><strong>noli</strong></span> <span class='ocrx_word' id='word_1_363' title='bbox 1434 4676 1526 4764; x_wconf 90' lang='lat' dir='ltr'><strong>quic-</strong></span> 
     </span>
     <span class='ocr_line' id='line_1_39' title="bbox 250 4777 1525 4867; baseline 0.001 -23"><span class='ocrx_word' id='word_1_364' title='bbox 250 4798 354 4864; x_wconf 92' lang='lat' dir='ltr'><strong>quam</strong></span> <span class='ocrx_word' id='word_1_365' title='bbox 378 4777 458 4844; x_wconf 89' lang='lat' dir='ltr'><strong>inde</strong></span> <span class='ocrx_word' id='word_1_366' title='bbox 481 4779 665 4867; x_wconf 87' lang='lat' dir='ltr'><strong>colligere:</strong></span> <span class='ocrx_word' id='word_1_367' title='bbox 688 4778 836 4847; x_wconf 91' lang='lat' dir='ltr'><strong>usitatur</strong></span> <span class='ocrx_word' id='word_1_368' title='bbox 858 4777 1001 4845; x_wconf 90' lang='lat' dir='ltr'><strong>omnino</strong></span> <span class='ocrx_word' id='word_1_369' title='bbox 1024 4779 1111 4846; x_wconf 89' lang='lat' dir='ltr'><strong>haec</strong></span> <span class='ocrx_word' id='word_1_370' title='bbox 1134 4778 1317 4848; x_wconf 86' lang='lat' dir='ltr'><strong>Graecitas</strong></span> <span class='ocrx_word' id='word_1_371' title='bbox 1331 4779 1525 4867; x_wconf 89' lang='lat' dir='ltr'><strong>periphrasi</strong></span> 
     </span>
     <span class='ocr_line' id='line_1_40' title="bbox 248 4877 1526 4970; baseline 0.001 -26"><span class='ocrx_word' id='word_1_372' title='bbox 248 4878 314 4945; x_wconf 91' lang='lat' dir='ltr'><strong>illa.</strong></span> <span class='ocrx_word' id='word_1_373' title='bbox 359 4877 454 4946; x_wconf 89' lang='lat' dir='ltr'><strong>velut</strong></span> <span class='ocrx_word' id='word_1_374' title='bbox 476 4891 571 4948; x_wconf 88' lang='lat' dir='ltr'><strong>extat</strong></span> <span class='ocrx_word' id='word_1_375' title='bbox 593 4903 646 4969; x_wconf 93' lang='lat' dir='ltr'><strong>ap.</strong></span> <span class='ocrx_word' id='word_1_376' title='bbox 670 4879 884 4968; x_wconf 79' lang='lat' dir='ltr'><strong>Mahaflyum</strong></span> <span class='ocrx_word' id='word_1_377' title='bbox 907 4903 985 4969; x_wconf 95' lang='lat' dir='ltr'><strong>pap.</strong></span> <span class='ocrx_word' id='word_1_378' title='bbox 1011 4878 1038 4948; x_wconf 92' lang='lat' dir='ltr'><strong>ll</strong></span> <span class='ocrx_word' id='word_1_379' title='bbox 1060 4904 1093 4970; x_wconf 93' lang='lat' dir='ltr'><strong>p.</strong></span> <span class='ocrx_word' id='word_1_380' title='bbox 1117 4884 1201 4970; x_wconf 87' lang='lat'><strong>[119,</strong></span> <span class='ocrx_word' id='word_1_381' title='bbox 1227 4884 1298 4970; x_wconf 75' lang='lat'>151:</span> <span class='ocrx_word' id='word_1_382' title='bbox 1321 4882 1526 4967; x_wconf 78' lang='grc' dir='ltr'>κομισάμενοι</span> 
     </span>
    </p>
   </div>
   <div class='ocr_carea' id='block_1_7' title="bbox 0 0 1892 5659">
    <p class='ocr_par' dir='ltr' id='par_1_10' title="bbox 0 0 1892 5659">
     <span class='ocr_line' id='line_1_41' title="bbox 0 0 1892 5659; baseline 0 1"><span class='ocrx_word' id='word_1_383' title='bbox 0 0 1892 5659; x_wconf 95' lang='lat' dir='ltr'><strong> </strong></span> 
     </span>
    </p>
   </div>
  </div>
 </body>
</html>
