3775 5659
864 447 923 540 '49

800 565 1004 572 ...-...—.-—.—

268 704 372 749 mann
389 679 654 767 Gottingensis).
677 719 720 726 -
743 679 788 746 ad
803 679 879 766 ipsa
895 677 1021 745 deinde
1036 676 1178 745 nomina
1194 676 1289 764 quod
1304 676 1426 744 attinet
1440 699 1545 743 nemo

269 785 363 873 quod
386 784 493 852 sciam
516 796 595 871 post
611 783 831 850 Frankelium
854 781 1043 866 (,Vorstud.
1061 805 1088 847 z.
1105 781 1138 848 d.
1154 779 1333 869 Septuag.‘
1349 803 1381 869 p.
1403 803 1464 868 124
1479 783 1545 868 sq.)

269 888 467 975 diligentius
490 887 535 954 de
558 887 608 954 eis
632 886 821 974 quaesivit;
856 897 894 953 ut
925 908 1037 974 pauca
1059 886 1103 952 de
1127 885 1176 953 eis
1207 885 1239 952 h.
1264 885 1284 952 l.
1308 884 1446 973 possint
1468 883 1543 951 dici.

267 1013 307 1057 ac
331 990 429 1059 facile
451 1001 596 1079 apparet
617 990 780 1079 pauperis
803 988 910 1057 fuisse
932 988 1061 1076 ingenii
1091 988 1327 1057 inventorem:
1360 987 1488 1076 quippe
1510 986 1545 1054 in

268 1095 426 1161 ordinem
449 1094 478 1161 si
502 1094 680 1182 redegeris
711 1116 754 1181 72
785 1092 841 1160 illa
873 1093 1024 1178 nomina,
1058 1092 1195 1159 tertiam
1227 1092 1300 1162 sere
1332 1104 1467 1179 partem
1499 1090 1546 1158 in-

267 1197 387 1265 venies
411 1197 464 1265 bis
496 1209 593 1264 terve
624 1196 784 1285 positam.
817 1208 999 1283 praeterea
1031 1195 1145 1282 quivis
1178 1195 1273 1263 videt
1307 1216 1385 1262 esse
1416 1194 1546 1282 ubique

268 1302 531 1368 accommodata
553 1299 695 1367 nomina
718 1301 763 1367 ad
778 1298 932 1387 speciem
949 1297 1143 1367 Graecam:
1166 1298 1246 1365 ideo
1263 1309 1297 1366 et
1312 1298 1420 1365 vestis
1436 1298 1545 1365 multo

268 1402 379 1490 magis
402 1414 455 1470 est
478 1403 615 1472 Graeca
638 1425 742 1490 quam
766 1402 859 1490 apud
890 1424 995 1469 veros
1026 1400 1126 1469 LXX
1157 1400 1364 1488 interpretes
1386 1440 1431 1449 -
1451 1399 1546 1467 velut

268 1506 404 1593 positus
427 1517 480 1574 est
503 1506 656 1592 Ἰόνσηιρος
688 1529 753 1594 pro
786 1506 917 1591 Ἰωσήφ,
952 1506 1116 1591 Σομόηλος
1147 1527 1212 1592 pro
1244 1505 1408 1591 Σαμουὴλ,
1441 1503 1545 1588 Σίμων

268 1633 332 1698 pro
356 1611 500 1696 Συμεών,
526 1610 655 1687 Ἴσακος
685 1632 750 1697 pro
773 1609 898 1692 Ἰσαάκ,
934 1609 1088 1695 Δανίηλος
1120 1630 1185 1696 pro
1208 1609 1327 1694 Δανιηλ
1349 1649 1392 1657 -
1415 1619 1449 1675 et
1470 1607 1546 1695 ipsa

267 1713 529 1781 nomenclatura
560 1736 602 1780 ex
632 1725 732 1801 parte
764 1712 919 1782 Graeca:
961 1712 1071 1779 habes
1110 1709 1244 1775 Ἰάσωνα
1283 1711 1545 1780 Hellenisticum

266 1829 355 1886 uxta
379 1818 515 1904 Ἰησοῦν,
540 1817 709 1883 Θεοδόσιον
732 1816 886 1883 Θεόδοτον
902 1816 1056 1900 Θεόφιλον
1072 1816 1166 1884 iuxta
1181 1816 1312 1903 Ἰωάνην
1328 1827 1362 1884 et
1377 1815 1543 1896 Ἰωνάδαν,

269 1932 307 1989 ut
335 1921 411 2009 ipsa
443 1920 703 2009 onomatologia
734 1921 862 1988 reserat
893 1932 1052 2008 tempora
1084 1919 1349 1987 commixtionis.
1396 1917 1546 2004 denique

268 2026 395 2095 absunt
417 2025 489 2093 fere
512 2024 654 2093 nomina
671 2046 760 2113 quae
782 2046 872 2091 sono
888 2024 1039 2091 barbaro
1057 2022 1213 2092 Graecas
1229 2046 1331 2091 aures
1346 2023 1546 2090 viderentur

267 2151 375 2217 posse
398 2128 577 2196 offendere
608 2129 667 2211 (de
699 2128 808 2215 Χαβεῦ
839 2150 931 2194 nom.
965 2137 1129 2215 suspecto
1160 2150 1192 2193 v.
1225 2126 1270 2193 ad
1303 2128 1410 2212 ξφ).
1457 2147 1546 2212 quae

268 2232 385 2299 omnia
416 2231 445 2300 si
476 2231 512 2299 in
542 2255 649 2299 unum
682 2231 911 2316 coniunxeris‚
946 2229 1126 2318 intelleges
1159 2230 1283 2298 cadere
1314 2229 1370 2296 vel
1402 2228 1436 2297 in
1471 2228 1545 2316 ipsa

268 2336 494 2423 interpretum
517 2336 659 2403 nomina
682 2335 717 2402 id
741 2336 836 2422 quod
860 2356 981 2401 eorum
1005 2335 1049 2401 de
1072 2334 1199 2402 mentis
1222 2334 1354 2401 cultura
1368 2330 1547 2421 praedicat

267 2439 427 2507 Aristeas
449 2463 481 2529 p.
505 2459 557 2529 35,
582 2462 624 2529 23
646 2440 695 2508 ed.
720 2439 858 2508 Salam:
881 2442 911 2503 οἵ
933 2462 1013 2517 τινες
1035 2440 1071 2503 οὐ
1096 2439 1187 2524 μόνον
1209 2441 1346 2524 τὴντῶν
1362 2437 1545 2502 Ἰουδαϊκῶν

268 2544 459 2630 γραμμάτων
482 2543 543 2621 ἕξιν
565 2544 788 2630 περιεποίησαν
812 2543 948 2629 ἑαυτοῖς,
974 2544 1059 2608 ἀλλὰ
1091 2547 1145 2607 καὶ
1176 2552 1234 2626 τῆς
1264 2550 1327 2607 τῶν
1347 2541 1545 2626 Ἑλληνικῶν

269 2648 451 2731 ἐφρόντισαν
473 2650 509 2711 οὐ
532 2647 692 2732 παρέργως
716 2658 931 2732 κατασκευης.
980 2646 1126 2715 Graecis
1158 2657 1273 2713 autem
1298 2645 1406 2713 oculis
1437 2643 1466 2711 si
1491 2644 1546 2710 de-

270 2751 396 2818 stinata
419 2764 494 2817 erat
508 2751 689 2818 nominum
711 2751 797 2819 haec
813 2751 930 2819 tabula
943 2791 987 2799 —
1003 2751 1091 2818 sicut
1106 2750 1241 2818 libellus
1257 2760 1351 2817 totus
1367 2789 1418 2832 —‚
1443 2748 1546 2815 etiam

270 2864 365 2941 patet
387 2876 447 2921 cur
471 2864 505 2921 et
527 2853 668 2921 nomina
692 2855 863 2942 quaedam
886 2855 991 2922 inseri
1014 2854 1191 2942 potuerint
1208 2875 1297 2942 quae
1319 2852 1354 2920 in
1369 2852 1440 2919 vita
1456 2873 1547 2918 com-

269 2958 363 3025 muni
387 2969 460 3024 tum
483 2957 542 3024 vix
566 2957 750 3045 quisquam
774 2958 872 3025 facile
887 2958 1034 3025 haberet
1048 2958 1195 3025 ludaeus
1209 2995 1253 3005 -—
1268 2956 1363 3024 velut
1384 2956 1545 3042 Ἅβραμος

269 3072 302 3127 et
334 3061 464 3135 Ἴσακος
493 3098 537 3107 -
569 3070 603 3126 et
637 3054 734 3147 ipsae
766 3059 951 3128 duodecim
984 3051 1095 3128 tribus
1126 3060 1210 3148 fingi
1233 3071 1410 3147 tamquam
1443 3056 1546 3124 etiam

269 3175 340 3230 tum
371 3162 555 3230 florentes:
589 3160 735 3230 Graecis
767 3161 896 3230 scilicet
928 3163 1144 3251 incomperta
1167 3163 1239 3231 fere
1271 3173 1344 3230 erat
1376 3161 1546 3229 maximae

268 3265 376 3354 partis
400 3266 489 3333 facta
512 3264 643 3331 dudum
667 3264 806 3332 iactura.

372 3390 410 3457 p.
434 3368 479 3455 ll,
504 3368 541 3436 5.
589 3366 754 3455 Ἰώσηρος,
790 3370 885 3458 quod
909 3369 958 3437 Zs
981 3369 1119 3454 habent,
1154 3368 1311 3456 suscepi„
1336 3392 1546 3458 quamquam

268 3472 451 3542 Schmidtii
474 3470 627 3558 Ἰώσηπος
650 3495 734 3540 vera
756 3473 868 3541 forma
891 3486 944 3541 est
967 3472 1113 3542 Graeca.
1151 3472 1345 3561 Epapham'z'
1366 3493 1437 3535 non
1460 3473 1491 3556 (i.
1517 3497 1544 3542 e.

268 3576 391 3660 Ἰωσης,
417 3598 448 3641 ν.
473 3574 573 3642 Blass
596 3576 640 3642 ad
664 3586 728 3644 act.
753 3588 864 3664 apost.
890 3599 917 3661 Ι,
941 3579 997 3665 23)
1019 3576 1066 3643 nil
1088 3576 1154 3643 nisi
1177 3576 1289 3643 forma
1304 3576 1460 3644 breviata
1483 3588 1544 3644 est.

369 3701 407 3768 p.
439 3678 494 3764 11,
526 3679 564 3747 5.
600 3679 637 3747 6.
692 3681 816 3759 ἐζεκίας
847 3680 900 3747 bis
935 3679 1105 3769 positum,
1147 3691 1185 3747 ut
1216 3680 1325 3747 altero
1356 3691 1435 3747 utro
1467 3681 1545 3748 loco

268 3782 465 3871 corruptela
486 3783 591 3850 lateat
614 3786 724 3866 (nstro
757 3784 810 3851 bis
832 3784 956 3872 Epr'pla.
982 3788 1144 3871 quoque).
1191 3784 1274 3871 quid
1304 3783 1409 3851 lateat
1439 3783 1546 3851 incer·

268 3898 359 3954 tum:
392 3886 542 3966 Ἰεζεκίας
574 3888 691 3977 posuit
724 3888 901 3975 Schmidt,
944 3890 1039 3976 quod
1079 3900 1196 3956 tamen
1226 3888 1342 3976 potius
1372 3888 1546 3974 Ἑζὲκηλος

268 3990 479 4075 (Ἐζεκίηλος)
496 4013 574 4058 esse
590 3992 742 4059 debebat
757 3995 792 4077 (ᾗ
808 3997 872 4080 42).
919 3993 1068 4062 sortasse
1083 3993 1167 4060 latet
1181 3992 1303 4071 Ἐζείας
1318 3992 1387 4075 (νεί
1401 3992 1544 4071 Ἑζείαςῑ

268 4096 303 4162 in
326 4092 504 4182 spiritibus
536 4095 627 4162 enim
661 4096 833 4184 ponendis
865 4119 1001 4164 summa
1033 4098 1216 4164 doctorum
1247 4095 1407 4181 varietas
1438 4120 1470 4163 V.
1504 4096 1543 4164 C.

267 4198 460 4267 Konnecke
482 4198 525 4284 ,d.
550 4198 780 4287 Behandlung
803 4200 834 4266 d.
852 4199 949 4266 hebr.
973 4199 1111 4266 Namen
1132 4199 1167 4266 in
1184 4199 1215 4267 d.
1232 4197 1410 4287 Septuag‘
1427 4222 1543 4287 progr.

267 4299 446 4389 Stargard.
473 4303 555 4389 1885
577 4324 609 4389 p.
637 4325 674 4369 11
699 4307 783 4390 sq.):
808 4303 821 4369 l
844 4302 919 4371 Esr.
942 4326 973 4390 9,
1000 4326 1039 4390 14
1062 4304 1185 4376 eadem
1217 4302 1386 4370 varietate
1416 4303 1546 4370 habent

269 4405 344 4472 cod.
366 4405 403 4472 Α
425 4407 572 4488 Εζεκιας,
599 4406 673 4473 cod.
697 4404 733 4473 B
754 4407 868 4486 Εζειας
899 4409 920 4490 (ζ
945 4407 1041 4474 hebr.
1067 4429 1154 4497 πῃηξ
1187 4407 1261 4474 Esr.
1285 4407 1381 4474 hebr.
1408 4428 1456 4491 10,
1483 4409 1543 4493 15).

370 4530 409 4599 p.
443 4510 476 4578 ll
488 4561 498 4595 ,
531 4508 568 4577 6.
624 4508 753 4596 Ἰωάνης
784 4508 930 4597 simplici
963 4510 1168 4598 rscriptum
1200 4510 1468 4599 praeferendum
1499 4509 1545 4577 vi-

269 4612 370 4679 detur
401 4615 445 4695 (v.
470 4613 570 4682 Blass
601 4612 723 4681 Theol.
757 4612 922 4681 Lit-Zeit.
961 4615 1044 4702 1894
1076 4636 1108 4701 p.
1132 4631 1197 4701 534
1220 4625 1254 4681 et
1276 4614 1321 4681 ad
1343 4624 1407 4681 act.
1432 4624 1542 4702 apost.

271 4740 298 4802 1,
322 4718 373 4803 5):
400 4716 463 4783 sed
485 4716 579 4784 nolui
603 4715 730 4784 inferre
753 4727 874 4783 contra
899 4715 956 4784 Zs.

371 4840 409 4909 p.
434 4818 480 4904 11,
504 4819 540 4889 8.
593 4820 718 4911 Epz'plz.
752 4819 847 4908 quod
880 4819 1073 4907 Ἐσχλεμίας
1105 4832 1140 4889 et
1171 4824 1257 4910 §40
1287 4820 1440 4906 Σελεμίας
1470 4820 1544 4907 pari

1323 4926 1340 4978 4
