3775 5659
873 466 915 531 at

792 559 997 569 .—-—-—

259 700 346 762 cum¹
359 677 475 765 legum
499 698 639 743 suarum
657 687 692 743 et
707 674 983 763 antiquissimam
1009 684 1043 741 et
1059 672 1210 741 divinam
1233 673 1338 741 ferret
1354 674 1533 762 originem,

257 780 435 870 negabant
457 777 673 868 alienigenae
697 778 981 867 quaerebantque
1014 801 1075 846 eur
1098 777 1238 845 tandem
1260 778 1377 865 legum
1400 776 1535 844 illarum

258 884 351 951 nulla
387 884 479 971 apud
515 882 704 970 scriptores
740 881 897 951 Graecos
934 881 1148 969 antiquiores
1186 891 1319 949 extaret
1356 880 1532 949 memoria.

259 997 473 1074 quapropter
494 985 610 1053 ludaei
632 984 771 1051 litterati
795 1006 931 1051 summo
955 983 1070 1051 studio
1094 983 1251 1072 aggressi
1275 996 1355 1052 sunt
1377 984 1535 1072 pervolu-

259 1101 334 1160 tare
349 1088 481 1158 litteras
491 1088 649 1158 Graecas
666 1087 826 1176 antiquas
844 1098 878 1154 et
893 1086 1062 1176 expiscari
1079 1087 1108 1155 si
1119 1087 1202 1175 quid
1217 1087 1284 1155 illic
1299 1088 1344 1155 ad
1358 1089 1535 1156 nationem

258 1205 357 1261 suam
378 1193 558 1281 pertinens
581 1213 659 1258 curn
681 1191 783 1259 laude
806 1202 865 1257 aut
888 1202 982 1257 esset
1013 1202 1072 1258 aut
1094 1190 1270 1258 videretur
1294 1212 1372 1259 esse
1395 1191 1534 1260 dictum.

259 1321 328 1387 quo
352 1320 395 1365 ex
418 1296 542 1380 studi0,
576 1295 671 1363 cuius
696 1293 833 1382 insigne
864 1305 917 1361 est
940 1293 1137 1382 exemplum
1168 1294 1346 1383 Iosephus
1379 1317 1406 1362 c.
1430 1294 1536 1383 Ap.l

257 1404 278 1484 β
299 1420 329 1488 5,
353 1402 396 1468 60
418 1422 480 1488 sq,
507 1401 565 1467 161
591 1420 642 1486 sq.
668 1398 720 1465 ed.
745 1396 859 1484 Niese,
893 1420 972 1466 cum
1005 1420 1128 1485 parum
1152 1398 1282 1466 fructus
1304 1398 1535 1468 redundasset

257 1503 489 1591 —incogniti
522 1502 612 1570 enim
645 1501 717 1569 fere
748 1500 864 1568 ludaei
887 1500 1033 1570 Graecis
1066 1512 1147 1568 ante
1168 1501 1360 1569 Alexandri
1383 1501 1428 1569 M.
1453 1507 1547 1570 tern-¹

257 1630 345 1696 pora
366 1646 417 1691 —,
443 1629 516 1674 rem
549 1605 766 1673 inverterunt
798 1603 914 1672 ludaei
948 1605 994 1671 ita
1025 1616 1063 1672 ut
1092 1605 1209 1693 legum
1232 1627 1373 1673 suarum
1397 1617 1536 1674 conten·

258 1712 381 1777 derent
419 1720 549 1776 tantam
587 1707 668 1775 olim
708 1707 874 1775 creditam
907 1729 986 1775 esse
1018 1708 1237 1775 sanctitatem
1269 1719 1308 1775 ut
1345 1708 1535 1797 scriptores

257 1812 431 1903 peregrini
447 1835 565 1879 earum
582 1810 794 1879 mentionem
806 1810 920 1878 facere
935 1833 1007 1878 non
1019 1810 1145 1879 suerint
1154 1811 1237 1897 ausi,
1255 1812 1361 1900 idque
1371 1834 1413 1879 eo
1424 1813 1536 1901 magis

259 1917 355 2004 quod
377 1925 438 1980 τῶν
461 1915 714 2002 ἐπιβαλλομένων
736 1916 815 1991 τινὲς
846 1916 905 1978 ὑπὸ
928 1924 983 1978 τοῦ
1006 1916 1084 1979 θεοῦ
1107 1914 1284 2000 πληγέντες
1307 1925 1364 2000 τῆς
1386 1916 1536 2003 ἐπιβολῆς

257 2020 442 2104 ἀπέστησαν
451 2018 612 2106 (Aristp.
624 2019 676 2103 68,
691 2018 785 2105 ι3οιί.
796 2017 988 2102 Schmidt).
1006 2018 1114 2105 (quod
1124 2018 1329 2106 figmentum
1340 2020 1535 2107 posteriore

258 2134 371 2192 aetate
393 2122 490 2190 alteri
515 2120 619 2189 cessit
641 2119 745 2189 etiam
768 2120 880 2209 magis
902 2120 1070 2189 mirabili:
1105 2133 1177 2189 tum
1210 2122 1302 2189 enirn
1336 2134 1460 2211 coepta
1483 2135 1536 2192 est

257 2231 333 2319 ipsa
349 2230 565 2299 Graecorum
581 2227 751 2316 sapientia
770 2239 804 2294 et
820 2226 970 2294 derivari
993 2239 1027 2293 et
1043 2226 1243 2315 interpolari
1261 2249 1303 2294 ex
1317 2227 1534 2315 ludaeorum,

257 2346 295 2402 ut
332 2345 499 2421 appareat
535 2331 713 2400 Aristeam
751 2330 896 2418 eiusque
932 2329 1048 2398 socios
1089 2331 1270 2398 modestos
1308 2330 1415 2399 fuisse
1451 2354 1536 2419 prae

259 2437 493 2523 ,Aristobulis‘
518 2436 625 2524 idque
645 2456 758 2523 genus
780 2433 1002 2518 hominibus).
1049 2433 1107 2522 qui
1129 2434 1233 2521 igitur
1254 2434 1371 2522 paullo
1394 2434 1536 2505 uberius

258 2542 303 2608 de
324 2539 460 2610 ludaeis
482 2539 619 2607 locutus
642 2538 686 2606 sit
708 2535 841 2625 primus
864 2538 1026 2605 inventus
1059 2549 1112 2605 est
1134 2536 1332 2605 Hecataeus
1353 2537 1534 2626 Abderita,

258 2642 448 2712 Ptolemaei
473 2643 486 2710 l
508 2640 645 2710 Soteris
667 2640 822 2730 aequalis
854 2643 898 2724 (ν.
923 2641 968 2708 ad
991 2645 1011 2726 β
1035 2643 1078 2730 7).
1125 2662 1337 2729 quamquam
1361 2642 1396 2708 in
1417 2642 1535 2712 verbis

259 2759 293 2816 et
316 2746 482 2815 Hecataei
515 2757 549 2813 et
572 2744 643 2812 suis
677 2743 901 2812 conectendis
934 2744 1155 2813 manifestum
1187 2755 1241 2811 est
1262 2744 1441 2813 Aristeam
1464 2769 1536 2814 non

257 2850 341 2919 satis
366 2861 465 2918 caute
489 2870 567 2917 esse
589 2858 777 2916 versatum.
822 2847 857 2915 ni
881 2847 1007 2915 mirum
1030 2848 1143 2936 potuit
1175 2848 1316 2935 quidem
1338 2847 1536 2918 Hecataeus

257 2954 341 3043 ipsis
363 2953 482 3020 verbis
506 2953 621 3021 dicere
645 2955 704 3037 τὴν
726 2952 759 3015 ἐν
782 2962 847 3028 τοῖς
869 2960 931 3017 τῶν
953 2951 1110 3017 Ἰουδαίων
1142 2951 1266 3040 βιβλίοις
1297 2952 1434 3037 θεωρίαν
1457 2975 1536 3023 esse

257 3058 358 3143 ἁγνήν
373 3078 440 3121 τινα
455 3059 510 3119 καὶ
526 3057 695 3141 σεμνην-
705 3051 793 3122 sicut
802 3053 1069 3142 Theophrastus
1082 3054 1272 3123 Clearchus
1288 3054 1535 3144 Megasthenes

257 3161 470 3250 Hermippus
484 3159 631 3227 Iudaeos
646 3156 831 3246 perhibent
845 3157 1085 3246 philosophos
1109 3181 1141 3225 ν.
1158 3158 1223 3226 Th.
1241 3158 1396 3228 Reinach
1413 3172 1535 3246 ,textes

256 3265 385 3333 relatils
408 3287 452 3332 au
469 3263 655 3351 judalsme‘
679 3284 711 3350 p.
734 3262 764 3328 8.
791 3284 839 3328 10.
867 3283 915 3328 11.
941 3282 991 3349 13.
1016 3281 1060 3349 39
1080 3301 1131 3347 -‚
1157 3273 1192 3330 at
1215 3263 1359 3331 multum
1391 3264 1476 3332 afuit
1497 3276 1535 3332 ut

256 3368 312 3436 ille
334 3368 409 3455 ipse
432 3366 640 3454 scriptorum
671 3364 827 3453 priorum
858 3364 966 3432 altum
998 3365 1042 3431 de
1070 3364 1205 3433 ludaeis
1237 3365 1411 3435 silentium
1444 3367 1535 3435 illinc

257 3470 453 3559 explicaret.
498 3469 591 3536 hunc
613 3479 728 3536 autem
760 3467 795 3535 in
818 3468 962 3537 modum
995 3480 1145 3556 possunt
1176 3468 1221 3535 ab
1253 3492 1296 3537 eo
1329 3469 1452 3539 saltem
1476 3471 1534 3560 qui

256 3574 370 3642 obiter
391 3573 485 3660 legat
507 3571 677 3640 Demetrii
699 3571 808 3639 verba
831 3571 949 3660 accipi,
984 3583 1135 3661 suntque
1165 3594 1289 3639 revera
1320 3573 1367 3641 ita
1398 3574 1535 3642 reddita

255 3678 299 3744 ab
321 3676 472 3764 losepho
495 3676 529 3759 (§
551 3676 613 3763 38:
646 3675 692 3739 διὸ
715 3677 861 3751 καὶτοὺς
883 3677 1017 3760 ποιητὰς
1039 3677 1138 3759 αὐτῆς
1160 3678 1216 3738 καί
1247 3679 1318 3752 τοὺς
1342 3688 1533 3762 συγγραφεῖς

256 3789 318 3843 τῶν
341 3780 483 3865 ἱστοριῶν
506 3781 565 3844 οὐκ
596 3777 834 3864 ἐπιμνησθῆναί
866 3800 961 3864 φησιν
983 3777 1154 3855 Ἑκαταῖος
1185 3779 1425 3866 ὁἈβδηρίτης,
1462 3781 1533 3845 οὐδὲ

256 3891 317 3948 τῶν
339 3883 411 3946 κατ’
435 3884 535 3969 αὐτην
558 3881 831 3967 πολιτευσαμένων
853 3881 982 3965 ἀνδρῶν,
1016 3880 1057 3957 ὡς
1080 3882 1179 3967 ἁγνῆς
1201 3885 1298 3969 οὔσης
1320 3886 1374 3947 καί
1398 3887 1441 3969 μὴ
1465 3884 1535 3974 δέον

254 3987 355 4071 αὐτὴν
386 3986 531 4072 βεβήλοις
562 3986 695 4073 στόμασι
727 3986 979 4070 διασαφεῖσθαι).
1013 4025 1057 4033 -
1079 3985 1231 4074 denique
1262 3996 1300 4054 ut
1321 3997 1417 4053 recte
1446 3987 1535 4056 inira

255 4112 286 4176 p.
304 4090 356 4175 68,
376 4112 416 4157 10
438 4089 488 4156 ed.
511 4088 704 4157 Schmidt.-
726 4089 825 4165 οὐδεὶς
847 4098 909 4153 τῶν
932 4089 1095 4173 ἱστορικῶν
1117 4091 1138 4173 ἡ
1162 4097 1302 4175 ποιητῶν
1318 4088 1447 4158 dictum
1471 4102 1533 4176 est,

254 4192 303 4261 ita
324 4192 415 4261 male
436 4192 469 4259 h.
493 4192 513 4259 l.
538 4203 619 4260 sunt
649 4195 679 4256 οί
700 4214 735 4257 τε
758 4201 950 4277 συγγραφεῖς
984 4192 1016 4277 (i.
1042 4215 1212 4260 ererum
1245 4191 1447 4279 scriptores)
1479 4196 1535 4257 καὶ

255 4299 384 4383 ποιηταί
405 4299 461 4361 καὶ
483 4297 518 4359 τὸ
534 4303 596 4359 τῶν
612 4295 775 4380 ἱστορικῶν
791 4295 919 4381 πλῆθος
934 4295 1083 4384 copulati
1106 4295 1214 4379 (Elter
1229 4318 1261 4384 p.
1278 4297 1365 4382 214),
1388 4294 1424 4362 id
1438 4295 1534 4383 quod

255 4399 365 4467 sensit
378 4398 435 4467 vel
449 4397 628 4487 Iosephus
650 4438 694 4447 -
716 4408 777 4463 τῶν
800 4398 873 4463 κατ’
895 4400 978 4463 αὐτὰ
1000 4399 1271 4485 πεπολιτευμένων
1295 4401 1350 4462 καὶ
1371 4398 1533 4463 πολιτευο-

256 4502 354 4586 μένων
385 4504 512 4587 ἀνδρῶν]
544 4505 600 4566 καί
631 4502 879 4588 πολιτευομένων
909 4503 1019 4570 verba
1057 4503 1101 4571 ab
1133 4503 1282 4590 losepho
1315 4512 1350 4569 et
1380 4501 1532 4570 Eusebio

255 4606 385 4674 omissa
408 4606 566 4694 quamvis
589 4605 658 4673 sint
679 4605 884 4675 inconcinne
907 4608 1025 4676 addita
1047 4607 1155 4695 ipsius
1170 4628 1249 4674 esse
1263 4606 1426 4674 Aristeae
1448 4618 1533 4694 puto

253 4750 298 4759 -
320 4709 546 4798 significantis
569 4708 700 4779 scilicet
721 4711 835 4799 legum
867 4712 1101 4780 Mosaicarum
1129 4708 1348 4779 sanctitatem
1384 4711 1531 4778 eandem

255 4826 327 4883 tum
362 4812 549 4883 existimari
581 4837 671 4903 quae
710 4814 791 4883 olim
822 4815 867 4884 sit
899 4815 1102 4884 existimata.
1158 4815 1271 4903 ipsum
1303 4815 1531 4880 πολιτεύεσθαι
