3775 5659
1680 557 1684 563 ·
1783 521 1825 583 5

690 722 931 787 τούτων
979 722 1271 787 ἐκθεῖναι
1317 720 1718 807 πρόσταγμα,
1770 760 1850 770 —-
1899 724 2010 799 τὰς
2052 723 2121 786 δὲ
2166 725 2538 808 ἀπογραφὰς
2581 725 2904 789 ποιεῖσθαι

689 824 839 911 παρ’
881 825 1070 908 αὐτά,
1142 825 1490 911 μεγαλείως
1550 826 1951 912 χρησάμενος
2013 836 2092 911 τῇ
2157 826 2504 913 προθυμίᾳ,
2572 837 2683 891 τοῦ
2747 827 2903 891 θεοῦ

693 931 809 1013 τὴν
854 938 1066 994 πᾶσαν
1129 928 1611 1005 ἐπιτελέσαντος
1671 930 1851 1015 ἡμῶν
1914 928 2266 1015 προαίρεσιν
2329 934 2441 994 καὶ
2504 930 2903 1016 συναναγκά-

695 1053 919 1107 σαντος
963 1034 1152 1097 αὐτὸν
1197 1031 1643 1118 ἀπολυτρῶσαι
1690 1036 1777 1120 μὴ
1825 1035 2013 1119 μόνον
2057 1038 2200 1111 τοὺς
2246 1034 2768 1121 συνεληλυθότας
2816 1042 2903 1119 τῷ

277 1152 422 1220 p.17
461 1153 516 1208 S.
609 1143 644 1200 5
692 1134 1094 1220 στρατοπέδῳ
1157 1145 1266 1199 τοῦ
1330 1140 1562 1221 πατρὸς
1607 1136 1777 1202 ἀλλὰ
1822 1140 1935 1201 καὶ
2002 1138 2059 1201 εἴ
2101 1159 2261 1214 τινες
2305 1148 2591 1224 προῆσαν
2652 1139 2694 1223 ἢ
2744 1140 2905 1222 μετὰ

637 1278 645 1287 -
689 1248 889 1303 ταῦτα
934 1238 1474 1325 παρεισήχθησαν
1520 1241 1605 1317 εἰς
1650 1243 1768 1326 τὴν
1812 1240 2159 1327 βασιλείαν,
2215 1290 2229 1305 .
2262 1289 2277 1305 .
2309 1290 2322 1305 .
2375 1242 2530 1327 ὑπὲρ
2560 1243 2641 1305 τὰ
2686 1263 2903 1327 τετρα-

688 1341 874 1407 κόσια
924 1342 1208 1408 τάλαντα
1254 1345 1369 1428 τὴν
1415 1342 1586 1407 δόσιν
1631 1343 1974 1427 ἀπέφαινον
2019 1345 2199 1410 εἶναι.
2295 1348 2404 1410 καὶ
2450 1355 2561 1409 τοῦ
2592 1346 2903 1431 προστάγ-
2954 1356 3028 1410 16

690 1467 882 1531 ματος
911 1445 978 1509 δὲ
1011 1448 1082 1509 τὸ
1115 1444 1514 1530 ἀντίγραφον,
1551 1448 1670 1511 οὐκ
1701 1450 2027 1533 ἄχρηστον
2057 1448 2292 1533 οἴομαι,
2317 1449 2897 1535 κατακεχωρισται·

687 1548 908 1633 πολλῷ
953 1550 1077 1634 γὰρ
1138 1550 1181 1634 ἡ
1250 1548 1709 1633 μεγαλομέρεια
1772 1551 2173 1635 φανερωτέρα
2236 1554 2347 1615 καὶ
2372 1608 2378 1614 .
2408 1552 2664 1638 εὔδηλος
2726 1555 2905 1617 ἔσται

567 1664 642 1717 10
690 1662 798 1717 τοῦ
859 1651 1164 1740 βασιλέως
1210 1688 1289 1701 --
1337 1660 1446 1715 τοῦ
1508 1653 1665 1716 θεοῦ
1729 1654 2187 1739 κατισχύοντος
2250 1656 2440 1719 αὐτὸν
2502 1656 2587 1732 εἰς
2648 1658 2720 1719 τὸ
2786 1679 2903 1722 σω-

690 1756 910 1843 τηρίαν
953 1756 1261 1841 γενέσθαι
1305 1754 1626 1840 πλήθεσιν
1691 1756 1951 1833 ἱκανοῖς.
2044 1760 2126 1843 ἠν
2171 1758 2240 1822 δὲ
2286 1768 2531 1824 τοιοῦτο
2576 1770 2687 1823 τοῦ
2734 1760 2905 1846 βασι-

689 1859 846 1937 λέως
890 1858 1374 1945 προστάξαντος·

892 1962 1065 2028 εὅσοι,
1110 1971 1234 2027 τῶν
1300 1964 1924 2050 συνεστρατευμένων
1985 1972 2075 2049 τῷ
2136 1968 2324 2050 πατρὶ
2386 1966 2567 2051 ἡμῶν
2630 1967 2715 2043 εἰς
2761 1970 2902 2044 τοὺς
2953 1976 3024 2031 17

698 2071 870 2132 κατὰ
915 2066 1145 2152 Συρίαν
1191 2070 1302 2131 καὶ
1345 2067 1652 2155 Φοινίκην
1695 2068 1926 2145 τόπους
1987 2068 2373 2145 ἐπελθόντες
2418 2071 2535 2154 τὴν
2581 2078 2705 2133 τῶν
2748 2069 2902 2134 Ἰου-

568 2179 641 2237 15
692 2171 881 2237 δαίων
941 2170 1159 2258 χώραν
1221 2172 1552 2257 ἐγκρατεῖς
1614 2172 1904 2256 ἐγένοντο
1974 2161 2289 2258 σωμάτων
2360 2171 2724 2238 Ἰουδαϊκῶν
2795 2176 2906 2237 καὶ

690 2284 894 2339 ταῦτα
938 2273 1460 2360 διακεκομίκασιν
1503 2277 1591 2351 εἷς
1634 2297 1706 2339 τε
1751 2277 1870 2360 τὴν
1915 2275 2097 2340 πόλιν
2141 2278 2252 2339 καὶ
2296 2278 2414 2362 τὴν
2442 2275 2659 2362 χώραν
2702 2278 2745 2362 ἢ
2793 2279 2905 2341 καὶ

687 2377 1084 2462 πεπράκασιν
1145 2376 1398 2461 ἑτέροις,
1465 2376 1687 2461 ὁμοίως
1748 2378 1816 2442 δὲ
1877 2381 1990 2442 καὶ
2049 2379 2106 2442 εἴ
2150 2400 2311 2455 τινες
2370 2388 2656 2463 προῆσαν
2700 2380 2743 2464 ἢ
2793 2383 2903 2443 καὶ
2972 2419 2980 2428 ·

688 2484 847 2566 μετὰ
895 2482 1098 2545 ταῦτά
1142 2482 1295 2546 εἰσιν
1341 2480 1699 2568 εἰσηγμένοι
1762 2490 1887 2546 τῶν
1950 2483 2269 2567 τοιούτων,
2338 2483 2639 2549 ἀπολύειν
2697 2505 2897 2567 παρα-

685 2596 911 2672 χρῆμα
956 2587 1099 2662 τοὺς
1163 2585 1454 2671 ἔχοντας,
1522 2585 1967 2672 κομιζομένους
2011 2586 2244 2651 αὐτίκα
2289 2586 2564 2652 ἑκάστου
2616 2586 2900 2675 σώματος

562 2698 643 2754 20
689 2688 975 2775 δραχμὰς
1021 2691 1246 2773 εἴκοσι,
1297 2693 1438 2767 τοὺς
1486 2692 1597 2776 μὲν
1643 2689 2031 2775 στρατιώτας
2094 2699 2172 2775 τῇ
2242 2698 2367 2756 τῶν
2412 2690 2688 2775 ὀψωνίων
2736 2691 2900 2755 ὃόσει

696 2795 839 2868 τοὺς
884 2793 950 2857 δὲ
995 2791 1248 2870 λοιποὺς
1293 2795 1417 2857 ἀπὸ
1463 2804 1579 2879 τῆς
1623 2794 1959 2881 βασιλικῆς
1988 2792 2325 2879 τραπέζης.
2420 2795 2748 2879 νομίζομεν
2780 2799 2900 2879 γὰρ
2956 2803 3024 2859 13

687 2899 798 2960 καὶ
842 2898 1011 2981 παρὰ
1057 2899 1174 2982 τὴν
1212 2906 1324 2961 τοῦ
1369 2900 1602 2981 πατρὸς
1646 2897 1827 2983 ἡμῶν
1872 2896 2173 2984 βούλησιν
2221 2900 2331 2961 καὶ
2367 2899 2536 2983 παρὰ
2584 2903 2652 2963 τό
2688 2899 2900 2975 καλῶς

685 3001 841 3086 ἔχον
884 2997 1438 3086 ᾐχμαλωτεῦσθαι
1483 3002 1762 3083 τούτους,
1813 3001 1916 3065 διὰ
1961 3001 2031 3065 δὲ
2076 3004 2194 3086 τὴν
2242 3005 2704 3087 στρατιωτικὴν
2748 3023 2896 3083 προ-

684 3105 938 3170 πέτειαν
999 3104 1115 3190 τήν
1179 3127 1249 3169 τε
1309 3105 1523 3191 χώραν
1585 3106 1794 3172 αὐτῶν
1876 3105 2333 3189 κατεφθάρθαι
2412 3107 2520 3169 καὶ
2600 3107 2716 3191 τὴν
2780 3115 2904 3167 τῶν

558 3216 636 3274 25
682 3206 996 3273 Ἰουδαίων
1041 3211 1421 3294 μεταγωγὴν
1467 3211 1551 3285 εἰς
1596 3212 1712 3295 τὴν
1743 3209 2069 3293 Αἴγυπτον
2098 3207 2447 3294 γεγονέναι·
2544 3211 2729 3295 ἱκανὴ
2776 3211 2900 3295 γὰρ

682 3314 764 3397 ἠν
807 3312 850 3397 ἡ
897 3314 1068 3395 παρὰ
1129 3314 1201 3375 τὸ
1246 3311 1454 3378 πεδίον
1497 3322 1798 3398 γεγονυῖα
1844 3314 1923 3376 ἐκ
1969 3321 2092 3379 τῶν
2144 3320 2540 3397 στρατιωτῶν
2596 3315 2892 3395 ὠφέλεια.

685 3415 777 3479 διὸ
830 3416 1165 3495 ,παντελῶς
1236 3417 1597 3503 ἀνεπιεικής
1659 3417 1794 3481 ἐστι
1855 3419 1968 3480 καὶ
2029 3417 2072 3502 ἡ
2119 3424 2243 3481 τῶν
2306 3415 2656 3500 ἀνθρώπων
2704 3439 2900 3479 κατι-ι-

683 3517 1039 3583 δυναστεία.
1134 3529 1324 3585 πᾶσιν
1388 3523 1495 3586 οὖν
1557 3520 1912 3606 ἀνθρώποις
1974 3523 2046 3584 τὸ
2091 3519 2331 3585 δίκαιον
2377 3519 2708 3607 ἀπονέμειν
2752 3523 2896 3607 ὁμο-
2952 3531 3020 3583 Η]

685 3620 1052 3709 λογούμενοι
1099 3661 1184 3672 -
1227 3621 1447 3710 πολλῷ
1493 3625 1562 3689 δὲ
1613 3625 1856 3710 μᾶλλον
1901 3634 2031 3701 τοῖς
2076 3625 2323 3709 ἀλόγως
2354 3627 2896 3688 καταδυναστευο-

558 3736 638 3793 30
688 3726 886 3814 μένοις
930 3765 1010 3777 --
1061 3730 1173 3791 καὶ
1218 3731 1388 3792 κατὰ
1431 3738 1556 3793 πᾶν
1601 3729 2019 3815 ἐπιζητοῦντες
2065 3731 2135 3792 τὸ
2179 3726 2395 3804 καλῶς
2439 3729 2588 3813 ἔχον
2636 3727 2784 3811 πρός
2830 3747 2900 3787 τε

893 4098 957 4156 6.
993 4102 1344 4172 παρήχθησαν
1369 4104 1440 4155 He
1462 4102 1487 4172 ΙΙ
1509 4102 2146 4171 βασιλείαν,’<και’περ>
2169 4104 2303 4170 ὑπὲρ
2341 4105 2572 4167 uoniam,
2610 4103 2896 4167 βαπιὶείαν.

686 4188 821 4257 ὑπὲρ
841 4191 1102 4257 <γοῦν>
1124 4188 1235 4258 [vel
1254 4190 1497 4261 <οόν>]
1517 4191 1771 4246 Schmidt
1810 4189 1835 4260 ΙΙ
1877 4187 1942 4245 6.
1977 4188 2038 4245 7.
2074 4190 2342 4258 τριακόσια
2364 4191 2409 4241 L
2449 4191 2473 4260 ΙΙ
2516 4191 2576 4243 7.
2612 4191 2900 4255 ἀποφαίνειν

685 4275 890 4343 (sio)H
922 4273 948 4344 ΙΙ
991 4272 1054 4330 8.
1091 4273 1299 4339 danem
1341 4276 1365 4346 ΙΙ
1405 4278 1861 4347 κατακεχωρίσῦαι
1900 4261 1984 4327 N¹
2032 4275 2056 4347 Η
2097 4275 2161 4331 9.
2195 4275 2592 4346 μεγαλομέρεειν
2628 4275 2900 4339 ΞΕΙᾘῊῙΜΞ,

686 4362 868 4431 -μερία
920 4380 959 4421 ⁸.
1004 4362 1206 4431 -μοιριά
1246 4364 1307 4418 Ζ.
1365 4365 1423 4419 et
1457 4365 1543 4420 sio
1575 4367 1779 4432 postea
1818 4363 1843 4434 ΙΙ
1901 4363 1978 4420 11.
2033 4368 2239 4416 τοιοῦτο
2294 4363 2437 4423 LNe,
2491 4367 2724 4415 rama-:nv
2780 4363 2836 4411 Η
2868 4363 2892 4431 ΙΙ

684 4446 776 4503 12.
812 4448 1176 4517 προτάξαντος
1191 4449 1265 4500 He
1287 4447 1312 4518 ΙΙ
1350 4447 1552 4505 14.15.
1586 4454 1655 4520 τῇ
1675 4490 1686 4504 .
1711 4494 1723 4505 .
1746 4494 1758 4505 .
1776 4451 1931 4521 χώρᾳ
1950 4452 2025 4503 He
2063 4450 2089 4520 ΙΙ
2128 4449 2220 4505 15.
2258 4451 2536 4518 ἐγκρατεῖς
2572 4479 2632 4487 -
2668 4447 2760 4503 ffl-
2792 4451 2896 4519 χώ-

681 4553 786 4603 ραν
823 4550 934 4590 om.
960 4536 1005 4587 L
1046 4533 1072 4604 ΙΙ
1110 4533 1205 4590 16.
1241 4533 1303 4595 ἔς
1332 4552 1356 4586 ε
1394 4535 1418 4605 Η
1458 4535 1552 4591 19.
1588 4537 1931 4602 κομιζομένου
1970 4537 2015 4587 L
2055 4536 2080 4607 Η
2122 4537 2198 4591 ἐκ.
2232 4535 2365 4600 σώμ.
2403 4535 2528 4595 τοὺς
2560 4535 2780 4603 ἔχοντες
2812 4535 2892 4603 ἐρ.

686 4619 879 4675 eram
917 4620 943 4690 ΙΙ
983 4620 1089 4676 20.
1126 4621 1434 4690 δραγμάςὶι
1475 4620 1500 4691 ΙΙ
1540 4622 1666 4682 τοὺς
1682 4622 1907 4694 ἔχοντας·
1934 4624 2035 4687 μὲν
2060 4623 2106 4674 L
2146 4622 2171 4692 ΙΙ
2212 4621 2318 4677 24.
2354 4621 2460 4677 25.
2495 4623 2588 4691 τὴν
2624 4627 2724 4675 τῶν
2764 4623 2892 4675 Eam&

689 4707 839 4774 NHe,
876 4708 970 4777 τὴν
1005 4708 1134 4762 lond.
1173 4708 1220 4759 L
1263 4707 1287 4778 Η
1326 4705 1433 4763 26.
1468 4708 1617 4777 παρὰ
1668 4711 1728 4761 τὸ
1762 4708 1959 4779 πεδίον]
2013 4709 2160 4778 παρὰ
2213 4710 2301 4761 τὸν
2353 4708 2584 4773 πόλεμον
2640 4711 2824 4763 Nabar
2864 4711 2888 4775 ΙΙ

691 4791 800 4849 28.
836 4791 944 4848 29.
979 4794 1396 4864 ὁμολογούμενα
1430 4812 1472 4863 s,
1511 4813 1615 4854 -οις
1645 4796 1701 4846 Η
1731 4797 1810 4861 (in
1846 4810 1957 4864 quo
1995 4795 2440 4865 ὁμολογουμένοις
2470 4795 2748 4859 ἀπονέμειν
2784 4799 2892 4863 pri-

689 4879 864 4934 mitus
901 4880 1116 4949 scripta
1139 4883 1421 4951 transpos.
1457 4895 1530 4936 m.
1572 4886 1640 4944 1),
1679 4898 1777 4940 -ως
1793 4881 1862 4945 Ν,
1901 4883 1958 4936 et
1983 4882 2024 4931 L
2063 4896 2094 4935 e
2132 4894 2275 4936 corr.
2313 4881 2464 4947 (fort.
2485 4895 2560 4935 ex
2598 4883 2712 4947 -υιςζμ
2752 4895 2820 4935 m.
2848 4883 2892 4935 1.
