3775 5659
999 538 1042 609 20

385 747 420 821 in
442 750 609 841 Aegypto
632 748 757 839 partim
779 748 813 816 vi
836 749 964 838 partim
986 759 1112 838 sponte
1131 744 1306 815 constituti
1323 740 1574 813 dubitationem
1590 759 1662 810 non

386 867 538 942 movent,
574 876 639 922 nec
662 852 845 921 Willrichii
868 852 1004 939 (‚Juden
1035 875 1067 918 u.
1092 849 1277 919 Griechen‘
1300 872 1333 938 p.
1357 872 1400 916 22
1422 870 1485 936 sq.‚
1512 870 1573 936 14²
1595 850 1662 935 sq.)

386 958 550 1029 Soterem
581 954 724 1024 omnino
762 954 970 1023 eliminantis
1006 953 1289 1021 ratiocinationes
1321 952 1507 1040 quicquam
1538 951 1663 1039 proba-

387 1061 528 1129 bilitatis
550 1061 689 1128 habent.
734 1062 842 1142 (recte
864 1058 1024 1126 Willrich
1047 1056 1091 1123 de
1113 1055 1249 1124 ratione
1271 1077 1361 1142 quae
1375 1054 1553 1122 Aristeam
1575 1053 1665 1120 inter

388 1177 422 1232 et
444 1165 658 1233 Hecataeum
682 1161 898 1230 intercedere
920 1161 1066 1246 videtur,
1099 1159 1271 1243 iudicavit,
1304 1157 1370 1225 nisi
1393 1158 1489 1246 quod
1512 1157 1663 1225 Pseudo·

387 1268 591 1335 hecataeum
614 1264 698 1334 dixit
721 1277 755 1333 et
778 1265 822 1332 ad
845 1287 924 1332 sera
958 1276 1117 1352 tempora
1148 1262 1295 1330 detrusit
1327 1261 1384 1349 qui
1418 1272 1452 1327 et
1483 1283 1587 1329 verus
1612 1270 1665 1328 est

387 1370 584 1439 Hecataeus
616 1381 651 1437 et
688 1366 824 1437 Soteris
862 1367 1026 1455 aequalis,
1064 1387 1096 1432 v.
1129 1364 1224 1433 Elter
1255 1365 1310 1449 ,de
1341 1364 1494 1453 gnomol.
1528 1364 1664 1433 Graec‘

387 1498 420 1564 P·
444 1498 506 1565 247
531 1480 606 1563 sq.).

489 1600 527 1668 p.
545 1578 640 1663 3,13
657 1598 718 1666 sq.
764 1577 797 1641 έν
818 1578 882 1661 δσῳ
898 1574 1060 1643 notabile.
1099 1585 1235 1642 constat
1251 1573 1390 1663 quidem
1407 1572 1489 1640 inde
1504 1592 1524 1637 a
1540 1580 1664 1658 quarto

388 1682 527 1750 saeculo
564 1684 636 1757 ὅσος
673 1680 783 1768 magis
821 1679 1002 1768 magisque
1039 1701 1104 1768 pro
1141 1677 1286 1766 simplici
1325 1676 1470 1745 relativo
1505 1671 1664 1761 usurpari

388 1787 433 1867 (v.
457 1783 603 1853 Schmid
626 1783 851 1870 ,Atticismus‘
875 1782 916 1850 lll
938 1805 971 1871 p.
994 1783 1059 1866 68),
1083 1794 1118 1848 at
1140 1803 1220 1849 rara
1243 1791 1343 1848 erunt
1365 1780 1549 1846 adiunctae
1570 1796 1666 1861 prae

388 1887 572 1977 positionis
596 1888 754 1975 exempla
776 1890 820 1969 (v.
845 1887 890 1954 ib.
913 1885 941 1952 ll
963 1908 996 1973 p.
1022 1887 1104 1973 136).

981 2106 1071 2210 §d

492 2308 530 2376 p.
554 2284 593 2372 3,
620 2283 759 2353 15-17.
805 2283 859 2367 ἀφ’
891 2284 933 2347 ὢν
955 2321 999 2330 —-
1020 2283 1054 2345 ἐν
1076 2292 1140 2358 τοῖς
1161 2282 1324 2366 φρουρίοις]
1358 2282 1479 2350 decem
1501 2283 1574 2351 sere
1597 2306 1667 2372 my·

390 2388 507 2456 riades
538 2387 717 2456 hominum
750 2407 827 2453 cum
862 2384 1020 2452 dicantur
1050 2384 1221 2451 abductae
1251 2383 1420 2453 aSotere
1451 2386 1668 2475 totidemque

391 2490 618 2578 Philadelpho
642 2487 843 2556 liberandae
865 2489 899 2571 (ᾗ
922 2491 975 2575 14)
998 2486 1109 2554 tribus
1141 2486 1196 2554 his
1219 2487 1434 2575 myriadibus
1457 2489 1540 2577 quid
1562 2489 1667 2557 facias

391 2593 485 2661 haud
499 2593 598 2660 facile
614 2593 717 2660 dictu.
752 2591 780 2659 si
798 2591 889 2658 enim
906 2590 1087 2659 incluseris
1103 2589 1318 2678 myriadibus
1334 2591 1455 2659 decem
1470 2592 1673 2677 liberandis

391 2698 584 2786 putandum
607 2697 672 2765 erit
694 2696 771 2764 illos
793 2695 954 2764 homines
978 2695 1136 2783 quamvis
1169 2694 1342 2783 stipendia
1364 2695 1529 2765 facientes
1552 2708 1668 2764 tamen

392 2801 563 2869 mansisse
585 2800 621 2868 in
644 2799 798 2868 dominio
822 2798 944 2884 alien0‚
968 2799 1004 2866 id
1023 2798 1118 2887 quod
1132 2798 1190 2865 vix
1206 2799 1388 2879 credibile;
1411 2800 1465 2867 sin
1481 2801 1669 2869 excluseris

392 2915 515 2992 utpote
537 2926 558 2970 a
580 2913 654 2971 tota
677 2924 768 2990 quae
789 2902 844 2969 hic
868 2902 982 2990 agitur
1012 2924 1050 2969 re
1082 2901 1224 2985 alienos
1256 2901 1347 2968 duae
1378 2901 1490 2969 videri
1521 2915 1669 2989 possunt

397 3029 475 3075 esse
499 3006 755 3095 explicationes,
802 3006 850 3073 ita
872 3005 964 3073 enim
988 3017 1047 3072 aut
1069 3028 1134 3093 pro
1156 3005 1234 3069 δέκα
1258 3005 1406 3090 μυριάδας
1428 3009 1491 3088 (vs.
1518 3009 1570 3094 14)
1600 3007 1669 3094 legi

394 3109 570 3198 oportebit
596 3120 716 3194 <τρεῖς
738 3113 832 3185 καὶ)
860 3109 938 3173 δέκα
961 3110 1174 3194 μυριάδας-
1196 3120 1234 3176 ut
1257 3108 1414 3177 deductis
1437 3109 1547 3177 tribus
1569 3110 1670 3197 myri·

394 3212 518 3280 adibus
541 3212 714 3300 stipendia
736 3212 932 3280 facientium
955 3223 1159 3280 remaneant
1181 3213 1303 3280 decern
1330 3214 1364 3277 ἐν
1385 3213 1549 3290 οἰκετείαις
1571 3215 1669 3298 ὑπαρ-

393 3316 527 3401 χόντων,
561 3327 620 3382 aut
651 3316 859 3383 sumendum
891 3315 999 3383 fuisse
1033 3314 1176 3404 quidem
1203 3315 1286 3383 olim
1318 3315 1469 3383 abducta
1500 3312 1670 3384 aSotere

394 3430 532 3486 centum
555 3417 647 3485 milia
668 3418 848 3486 hominum
872 3430 906 3485 et
928 3418 1063 3485 adlecta
1094 3440 1136 3485 ex
1158 3418 1212 3485 his
1243 3418 1278 3485 in
1302 3419 1489 3487 exercitum
1520 3419 1668 3508 triginta,

394 3519 647 3588 interveniente
683 3532 799 3589 tamen
844 3533 1002 3609 tempore
1027 3520 1271 3590 ,servientium
1316 3522 1408 3590 milia
1451 3522 1671 3612 septuaginta

394 3623 540 3691 naturali
563 3623 698 3691 ratione
721 3623 874 3691 crevisse
905 3624 950 3691 ad
983 3634 1130 3690 centum.
1186 3637 1339 3693 ceterum
1370 3626 1399 3692 si
1431 3626 1498 3693 hoc
1530 3645 1671 3712 quoque

394 3727 472 3795 loco
495 3727 636 3815 proprie
658 3727 793 3794 locutus
817 3748 896 3794 esse
917 3727 1078 3794 Aristeas
1101 3726 1214 3815 putari
1245 3738 1371 3816 potest,
1405 3728 1567 3812 ,adeotaot‘
1593 3749 1670 3794 cum

395 3830 438 3898 A.
463 3829 624 3919 Peyrone
646 3832 738 3918 (pap.
754 3830 859 3898 Taur.
883 3829 912 3897 ll
934 3853 967 3917 p.
983 3833 1017 3917 7)
1039 3831 1085 3898 illi
1101 3830 1324 3919 intellegendi
1346 3842 1435 3917 sunt,
1460 3830 1499 3898 cl.
1516 3829 1671 3918 Mahaffy

394 3956 473 4022 pap.
498 3934 511 4001 l
533 3958 566 4023 p.
589 3957 632 4022 42
654 3934 743 4018 adn,
768 3956 868 4022 ‚emp
893 3933 933 4001 ol
951 3934 1011 4000 the
1033 3932 1189 4002 Ptolem‘
1212 3956 1245 4021 p.
1268 3935 1341 4021 361.

499 4056 537 4125 p.
561 4036 599 4122 3,
630 4036 682 4105 17.
728 4037 843 4101 ίκανῶν
874 4036 1132 4122 εἰσεληλυθότων
1164 4040 1219 4099 σὺν
1250 4043 1293 4120 τῷ
1326 4036 1445 4122 Πέρσῃ]
1476 4039 1672 4106 referuntur

397 4138 519 4206 eadem
542 4140 658 4226 paullo
682 4139 882 4227 explicatius
904 4139 993 4206 infra
1015 4139 1051 4207 in
1072 4138 1289 4226 Philadelphi
1306 4139 1453 4228 epistula
1474 4140 1555 4207 ficta
1576 4143 1670 4228 §a9:

401 4242 470 4305 ἐπεὶ
494 4242 654 4328 συμβαίνει
676 4241 821 4318 πλείονας
843 4250 905 4306 τῶν
927 4241 1084 4306 Ἰουδαίων
1107 4243 1149 4317 είς
1171 4244 1229 4327 τὴν
1250 4242 1408 4327 ἡμετέραν
1440 4241 1547 4327 χώραν
1570 4265 1672 4328 κατῳ·

397 4344 511 4408 κίσθαι
533 4345 729 4430 γενηθέντας
745 4344 965 4420 ἀνασπάστους
987 4345 1026 4408 ἐκ
1048 4354 1110 4408 τῶν
1124 4343 1350 4431 Ἱεροσολύμων
1372 4348 1432 4410 ὑπὸ
1447 4345 1578 4428 Περσῶν
1594 4345 1673 4410 καθ’

397 4449 432 4511 δν
454 4448 648 4532 ἐπεκράτουν
662 4448 785 4533 χρόνον.
832 4446 920 4514 illius
936 4447 986 4514 rei
1003 4446 1068 4515 alia
1083 4470 1154 4515 non
1171 4460 1288 4517 extant
1304 4448 1510 4516 testimonia.
1556 4448 1674 4537 itaque

397 4550 588 4639 putandum
612 4562 665 4618 est
686 4563 745 4618 aut
766 4550 882 4618 fictam
905 4572 984 4619 esse
1007 4551 1149 4620 omnino
1172 4554 1216 4620 ab
1238 4552 1380 4620 Aristea
1401 4563 1460 4619 aut
1482 4552 1673 4620 derivatam

399 4676 441 4721 ex
472 4653 568 4721 fonte
600 4654 716 4741 aliquo
748 4654 869 4742 ignoto
906 4653 986 4737 (nisi
1018 4653 1107 4721 sorte
1144 4655 1336 4722 admittitur
1374 4654 1572 4722 coniectura
1606 4674 1674 4741 qua

398 4755 565 4825 Hecataei
600 4757 758 4845 quamvis
790 4756 937 4825 distorta
968 4756 1024 4825 hic
1055 4780 1196 4847 quoque
1218 4757 1473 4846 redintegretur
1495 4756 1672 4826 memoria.

400 4860 527 4928 etenim
561 4862 589 4929 si
627 4860 795 4929 sumimus
832 4860 867 4927 in
899 4861 1017 4929 verbis
1049 4861 1155 4928 illius:
1194 4861 1325 4945 ,πολλάς
1362 4864 1418 4947 μέν
1448 4865 1509 4947 γάρ
1540 4859 1673 4945 [ἡμῶνῇ
