3775 5659
860 505 900 576 31

243 711 294 799 ἐφ’
316 693 349 801 ᾤ’
364 701 503 800 adierat,
529 728 563 785 01
586 716 760 786 indicativi
784 728 818 785 et
840 716 997 788 infinitivi
1030 739 1114 785 usus
1143 713 1318 804 legitimus
1341 715 1415 796 est).
1460 731 1519 799 po-

244 831 312 888 test
334 831 458 904 autem,
481 832 520 888 ut
542 820 621 905 dixi,
645 820 881 892 vetustissima
903 843 982 889 esse
997 820 1210 909 corruptela:
1235 820 1333 903 ‚dans
1348 816 1520 885 l'ecriture

244 921 381 989 cursive
404 922 448 990 de
470 945 512 990 ce
534 933 647 1011 temps
679 925 718 1006 (s.
742 923 785 990 ΙΙΙ
807 945 836 990 a.
862 923 943 992 Chr.
968 928 1014 1009 1.)
1037 923 1059 991 11
1081 946 1106 1010 y
1128 944 1148 990 a
1179 923 1242 991 des
1274 919 1450 1008 exemples
1473 928 1518 986 00

245 1024 279 1091 10
301 1023 336 1092 H
369 1037 403 1092 et
424 1024 507 1092 1οΩ
539 1047 584 1092 10
615 1048 654 1093 50
686 1025 899 1114 distinguent
929 1027 1058 1114 guere‘,
1091 1025 1256 1113 Mahaffyi
1290 1035 1370 1094 sunt
1400 1023 1517 1107 verba,

245 1127 324 1195 bull.
343 1127 394 1217 *de
417 1150 505 1195 corr.
529 1128 606 1196 hell.
633 1130 674 1195 18
695 1150 727 1216 p.
754 1131 815 1216 146
835 1167 879 1178 -
902 1151 1113 1217 quamquam
1144 1128 1258 1217 ipsum
1282 1126 1377 1216 quod
1408 1125 1519 1193 adfert

249 1230 445 1320 exemplum
468 1230 650 1314 (MICOHI
674 1254 738 1319 pro
761 1231 924 1301 Miceal
947 1233 1128 1322 scriptum)
1161 1231 1382 1301 emendatum
1415 1241 1468 1298 051
1499 1251 1519 1295 0

245 1333 441 1405 Wilckenio
465 1333 582 1403 Goett.
609 1333 685 1404 Gel.
709 1334 796 1404 Anz.
822 1338 904 1424 1895
928 1358 960 1425 p.
987 1339 1058 1425 146,
1095 1360 1122 1404 1.
1168 1336 1305 1404 iubetur
1334 1334 1438 1422 igitur
1461 1331 1518 1420 qui

244 1438 339 1505 volet
361 1437 497 1505 deferre
519 1438 661 1510 nomina
683 1461 804 1507 eorum
828 1440 886 1528 qui
910 1440 1024 1509 edicto
1048 1462 1119 1509 non
1142 1438 1328 1528 paruerint,
1352 1437 1457 1525 idque
1473 1436 1519 1503 ita

244 1553 281 1608 ut
303 1541 338 1609 in
361 1541 552 1610 dominium
574 1543 733 1627 (nepetam
757 1543 797 1611 cl.
821 1543 961 1632 Peyron
976 1567 1055 1633 pap.
1071 1542 1205 1614 Taur.l
1227 1564 1259 1630 p.
1279 1545 1352 1630 152)
1374 1539 1520 1627 accipiat

244 1666 372 1733 corpus
395 1645 468 1714 eius
492 1668 596 1734 quem
628 1645 717 1714 sacta
750 1646 974 1738 inquisitione
1005 1645 1205 1736 apparuerit
1235 1645 1397 1712 delictum
1429 1663 1520 1710 com·

245 1747 389 1816 misisse.
434 1749 536 1836 quale
558 1747 821 1818 invitamentum
843 1749 1124 1819 Ptolemaeorum
1140 1750 1313 1818 delatores
1330 1745 1519 1816 foventium

245 1851 401 1920 moribus
423 1852 565 1936 omnino
589 1852 769 1921 convenit:
794 1851 835 1920 cf.
858 1853 1056 1922 Lumbroso
1079 1861 1138 1938 ,ec
1162 1853 1242 1941 pol!
1266 1875 1297 1941 p.
1321 1853 1394 1939 285.

346 1974 384 2044 p.
417 1955 522 2040 6,11.
565 1959 607 2020 τὰ
638 1957 673 2020 δὲ
703 1956 884 2041 ὑπάρχοντα
906 1995 950 2006 -
971 1957 1249 2042 ἀναληφθήσεται)
1281 1955 1519 2023 convictorum

215 2090 218 2097 ·
245 2080 394 2146 corpora
417 2081 494 2128 cum
518 2060 730 2129 delatoribus
753 2062 798 2128 ad
819 2061 1042 2130 serviendum
1059 2060 1302 2145 concedantur,
1326 2060 1419 2125 bona
1433 2055 1520 2123 redi·

244 2174 373 2249 guntur
394 2162 429 2230 in
451 2163 574 2231 fiscum
596 2164 739 2252 regium.
785 2165 870 2234 haec
894 2187 1036 2253 quoque
1053 2163 1170 2233 verbis
1186 2161 1336 2252 propriis
1351 2169 1520 2247 concepta
1644 2213 1646 2222 ,

244 2276 342 2333 5011;
367 2265 407 2332 01.
431 2288 509 2355 pap.
534 2266 640 2334 Paris.
664 2290 698 2334 n.
719 2270 762 2335 62
785 2290 816 2356 p.
843 2268 912 2352 181,
948 2289 986 2355 1]
1011 2268 1063 2335 ed.
1087 2265 1242 2336 Grenlell
1272 2264 1415 2347 (Reven.
1439 2284 1519 2351 pap.

244 2390 323 2456 app.
346 2369 392 2452 Ι);
416 2373 456 2434 τὰ
477 2371 540 2434 ἴδια
563 2372 687 2453 [αὐτ]ον
710 2371 1023 2456 ἀνα)λ]ηφθή[σε]1αι
1044 2372 1086 2447 εἰς
1109 2374 1144 2435 τὸ
1167 2369 1339 2456 βασιλικόν,
1364 2366 1520 2453 Mahafly

244 2494 323 2560 pap.
355 2471 382 2539 ll
413 2495 445 2561 p.
480 2475 541 2561 199,
573 2476 623 2557 21:
662 2475 806 2560 κλ(1)ρον)
838 2477 891 2538 τὸν
923 2474 1148 2559 ἀνειλημμένον
1179 2475 1221 2550 εἰς
1253 2475 1287 2536 τὸ
1319 2470 1517 2558 βα(σιλικόν),

245 2598 277 2664 p.
302 2577 385 2661 [118,
408 2579 480 2664 231:
504 2576 613 2662 κλήρῳ
637 2586 680 2661 τῷ
703 2578 943 2664 [ἀναῙληφθὲντι
966 2579 1009 2653 εἰς
1030 2580 1066 2641 τὸ
1089 2575 1264 2663 βασιλικόν,
1288 2577 1332 2657 (ν.
1357 2572 1520 2642 Wilcken

245 2678 362 2748 Goett.
387 2679 463 2749 Gel.
487 2680 574 2748 Anz.
600 2683 682 2769 1895
706 2704 738 2771 p.
764 2684 847 2770 150).
886 2691 1039 2750 ceterum
1055 2680 1346 2766 ἀναλημφθήσεται
1361 2680 1517 2762 immam,

245 2781 424 2870 vidgarem
456 2806 532 2851 eam
564 2784 660 2853 initio
699 2784 825 2853 deinde
861 2784 930 2853 late
967 2784 1165 2872 divagatam
1201 2784 1246 2864 (ν.
1280 2781 1337 2849 W.
1370 2779 1519 2850 Schulze
1567 2829 1570 2832 -

245 2883 627 2976 ,Orthographicorum‘
652 2890 704 2957 ed.
721 2889 831 2957 Marb.
850 2891 933 2977 1894
949 2911 981 2976 p.
997 2887 1075 2956 Xlll
1090 2890 1165 2976 sq.)‚
1190 2885 1352 2955 Aristeae
1368 2884 1519 2952 tribuere

244 2988 408 3058 dubitavi.

821 3178 847 3288 p
873 3182 937 3264 21.

346 3359 384 3429 p.
417 3336 454 3424 6,
486 3335 541 3406 13.
596 3338 792 3416 εἰσδοθέντος
823 3378 867 3387 -
898 3339 1032 3425 βασιλεῖ]
1066 3338 1226 3423 ‚edictum
1259 3360 1337 3407 cum
1369 3337 1443 3426 regi
1474 3338 1519 3405 le-

243 3441 396 3530 gendum
420 3452 513 3508 05501
535 3440 796 3510 transmissum‘.
840 3442 949 3509 verba
982 3440 1123 3530 propria
1153 3441 1207 3508 hic
1240 3465 1380 3531 quoque
1403 3441 1519 3509 omnia

244 3555 333 3629 sunt,
357 3568 389 3612 v.
413 3544 610 3611 Lumbroso
634 3553 693 3630 ,00
727 3546 807 3634 pol‘
840 3569 871 3633 p.
898 3547 968 3613 180.
1015 3544 1128 3611 minus
1159 3557 1319 3612 accurate
1349 3545 1518 3632 Iosephus

243 3650 264 3731 §
286 3666 346 3736 32:
371 3650 482 3716 τούτου
505 3648 539 3711 δὲ
561 3658 617 3711 τοῦ
639 3650 879 3734 προστάγματος
902 3649 1158 3734 ἀναγνωσθέντος
1181 3657 1225 3732 τῷ
1248 3649 1382 3736 βασιλεῖ.

346 3774 384 3841 p.
408 3752 445 3838 6,
469 3749 540 3819 16.·
569 3752 662 3827 αὐτὸς
693 3763 786 3819 10010
816 3751 1003 3840 Iosephus:
1027 3750 1102 3839 ipsc
1125 3773 1194 3836 rex,
1219 3774 1290 3818 non
1312 3773 1437 3821 curans
1460 3751 1519 3818 im·

245 3874 389 3940 pensam
413 3877 502 3942 quae
524 3855 661 3942 510400
683 3855 739 3922 tal.
764 3877 949 3922 excessura
974 3865 1048 3922 erat
1070 3855 1115 3934 (ν.
1139 3854 1186 3921 ad
1206 3856 1227 3938 ᾗ
1252 3857 1313 3943 15),
1346 3854 1381 3921 in
1405 3853 1518 3922 edicto

245 3953 310 4020 sibi
333 3956 537 4024 transmisso
560 3957 643 4025 illud
665 3969 768 4048 caput
791 3957 924 4025 adiecit.

346 4078 384 4148 p.
417 4057 454 4143 6,
487 4058 538 4126 17.
584 4061 733 4125 ἐκέλευσέ
765 4083 799 4125 τε
829 4098 872 4108 —-
903 4061 1110 4145 τραπεζίταις]
1142 4059 1321 4148 ,iussitque
1351 4058 1519 4149 pecuniae

245 4184 415 4230 summam
438 4200 481 4208 —
505 4181 595 4250 quae
626 4164 674 4231 sic
705 4161 848 4252 grandis
872 4161 963 4232 facta
994 4176 1068 4231 erat
1090 4204 1133 4212 —-
1155 4162 1294 4232 attribui
1326 4175 1517 4252 tagmatum

244 4264 385 4335 arcariis
410 4277 444 4334 01
466 4259 648 4334 mensariis
670 4268 796 4356 regiis‘.
841 4268 886 4335 de
908 4268 1040 4352 διάφορα
1053 4271 1138 4336 voc.
1172 4288 1278 4356 supra
1309 4267 1438 4334 dictum
1460 4267 1519 4349 (ad

244 4370 338 4456 §5);
370 4369 490 4455 alpuni
514 4379 629 4435 autem
661 4392 739 4437 cum
770 4370 969 4438 adiunctum
1001 4372 1128 4438 habeat
1159 4369 1376 4459 participium
1408 4372 1516 4453 οὖσαν,

244 4471 288 4538 ab
319 4471 469 4561 losepho
504 4493 644 4561 quoque
675 4469 711 4538 id
744 4471 880 4557 lectum,
916 4472 949 4540 h.
983 4473 1003 4540 l.
1035 4496 1106 4541 non
1138 4484 1254 4563 potest
1285 4496 1356 4542 non
1388 4472 1518 4540 habere

243 4573 448 4662 granditatis
471 4575 658 4660 notionem,
683 4597 748 4643 usu
771 4575 911 4664 quidem
933 4577 969 4643 in
991 4599 1070 4644 sera
1093 4575 1293 4645 Graecitate
1322 4576 1414 4643 haud
1437 4598 1517 4643 raro

243 4677 436 4759 (translatio
459 4678 619 4768 vulgata:
654 4677 833 4767 ,iussitque
855 4678 1074 4765 solutionem,
1109 4690 1147 4746 ut
1170 4701 1260 4768 quae
1283 4678 1460 4767 multiplex
1484 4688 1519 4745 et

243 4779 416 4847 cumulata
453 4792 546 4849 esset
581 4781 704 4868 futura,
742 4781 862 4871 partiri
900 4793 934 4849 01
971 4780 1179 4850 distribuere
1216 4782 1305 4849 inter
1341 4780 1519 4849 ministros

243 4883 486 4951 mandatorum
503 4896 537 4952 01
551 4885 669 4975 regios
684 4886 907 4955 numularios‘
925 4885 1058 4953 admitti
1075 4908 1146 4954 non
1162 4895 1298 4973 potest:
1322 4885 1519 4970 ἀπομερίζειν
