3775 5659
1719 535 1802 605 47

484 734 734 834 posuit,
784 745 1290 835 intellegendae
1335 746 1758 835 cogitatione
1803 768 1919 815 res
1965 745 2259 835 epistula
2303 743 2489 834 regis
2520 755 2859 830 narratae,
2907 743 2945 813 i.
2982 765 3038 813 e.

482 849 751 917 liberati
797 849 1325 939 honoribusque
1370 850 1620 918 adfecti
1668 862 1771 918 tot
1814 851 2083 930 Iudaei:
2132 861 2375 918 contra
2421 850 2478 918 si
2524 851 2875 937 πράγμασι,
2924 872 3042 917 vo-

484 953 731 1022 cabulo
777 953 931 1042 ipso
978 976 1092 1021 res
1155 954 1310 1022 illae
1373 953 1784 1021 indicantur·
1822 954 2066 1037 (altera
2128 954 2540 1042 significatio
2612 977 2749 1042 qua
2817 957 2897 1019 τὰ
2962 957 3041 1018 σὰ

483 1057 828 1143 πράγματα
872 1079 1000 1145 per
1043 1079 1122 1124 se
1165 1068 1462 1145 possunt
1509 1079 1666 1125 esse
1713 1079 2030 1144 ,regnum
2077 1059 2310 1143 tuum‘,
2348 1056 2469 1123 -hic
2514 1079 2657 1124 non
2704 1060 2911 1145 apta).

690 1182 767 1251 p.
813 1160 924 1246 10,
979 1161 1089 1230 19.
1198 1165 1368 1226 κατὰ
1429 1161 1702 1237 πολλοὺς
1770 1162 2192 1246 <τρόπους>
2261 1161 2699 1247 εὐηργέτηκας
2760 1157 3041 1227 Eusebii

485 1266 544 1333 si
589 1265 930 1333 haberent
973 1264 1326 1333 Aristeani
1376 1286 1657 1354 quoque
1703 1264 2000 1350 codiceS,
2050 1263 2478 1352 susciperem
2522 1273 2767 1351 utpote
2809 1260 3043 1329 locuti·

486 1391 694 1436 onem
740 1369 1192 1457 frequentem,
1244 1369 1324 1436 cf.
1374 1390 1430 1435 e.
1477 1391 1580 1457 gr.
1628 1369 1830 1436 inscr.
1880 1369 2109 1436 athen.
2158 1368 2377 1450 Mitth.
2431 1389 2512 1456 19
2553 1368 2775 1455 (1894)
2824 1389 2887 1455 p.
2926 1368 3040 1434 18:

486 1474 519 1536 ό
582 1474 776 1557 δῆμος
835 1471 1267 1538 Ἀπολλώνιον
1328 1472 1659 1556 Ἐπιγόνου
1725 1472 2064 1559 εὐεργέτην
2128 1472 2439 1558 γεγονότα
2520 1474 2690 1534 κατὰ
2769 1472 3044 1546 πολλοὺς

486 1576 750 1659 τρόπους
811 1585 929 1661 τῆς
990 1575 1282 1660 πατρίδος
1343 1574 1512 1658 (5611.
1580 1575 1946 1662 ἀνέθηκεν),
2014 1576 2101 1644 ib.
2172 1599 2235 1665 p.
2302 1576 2388 1643 26
2432 1575 2640 1642 alium
2705 1575 3044 1661 εὐεργέτην

485 1679 796 1764 γεγονότα
843 1688 950 1742 τοῦ
997 1678 1198 1765 δήμου
1247 1681 1418 1743 κατὰ
1448 1679 1722 1755 πολλοὺς
1765 1678 2051 1763 τρόπους;
2089 1678 2392 1766 Kenyon
2424 1676 2640 1747 Catal.
2676 1699 2833 1766 pap.
2869 1699 3041 1744 mUS.

489 1782 651 1849 Brit.
721 1805 786 1870 p.
839 1804 935 1870 19,
1001 1799 1078 1869 4:
1149 1783 1319 1845 κατὰ
1381 1781 1655 1859 πολλοὺς
1719 1782 1981 1866 τρόπους
2046 1781 2539 1870 ἀντειλημμὲνου
2604 1804 2741 1846 σου.
2856 1781 3046 1870 quod

487 1884 637 1951 fieri
682 1894 918 1972 potest
964 1895 1040 1951 ut
1083 1883 1420 1971 Iosephus
1469 1906 1750 1974 quoque
1795 1884 2043 1973 legerit
2104 1884 2198 1951 ita
2263 1885 2437 1952 haec
2481 1885 2792 1952 referens
2837 1886 2879 1968 §
2921 1902 3042 1972 54:

489 1988 864 2074 ἀμείβεσθαι
909 1989 1031 2071 γὰρ
1075 1987 1242 2072 ἡμᾶς
1288 1987 1381 2050 δεῖ
1427 1989 1538 2065 τὰς
1584 1991 1696 2066 σὰς
1741 1986 2100 2071 εὐεργεσίας
2144 1987 2511 2073 πολυμερῶς
2575 1990 2660 2064 εἰς
2703 1990 2845 2063 τοὺς
2890 1988 3043 2073 ἡμε-

489 2090 701 2175 τέρους
732 2088 993 2168 πολίτας
1024 2089 1512 2166 κατατεθείσας.
1607 2113 1750 2158 non
1781 2101 2016 2158 tamen
2046 2090 2233 2158 volui
2265 2090 2540 2158 abicere
2579 2094 2749 2154 κατὰ
2775 2091 3047 2167 πολλοὺς

489 2194 819 2282 simplex:
871 2192 1128 2282 quippe
1173 2194 1517 2262 sententia
1560 2192 1741 2262 inest
1785 2193 1972 2261 bona
2014 2234 2101 2243 —-
2144 2217 2305 2262 nam
2368 2195 2536 2263 satis
2598 2194 2837 2282 utique
2901 2204 3047 2261 erat

490 2297 884 2387 significare
928 2300 1271 2385 grandem
1314 2297 1675 2365 hominum
1707 2296 2159 2365 liberatorum
2192 2297 2717 2383 multitudinem,
2768 2295 3047 2366 omissis

492 2400 608 2488 qui
670 2411 1038 2487 praeterea
1102 2400 1172 2467 in
1236 2400 1579 2488 quosdam
1648 2399 1875 2467 collati
1944 2414 2141 2468 erant
2207 2400 2593 2469 honoribus
2635 2440 2721 2448 —
2767 2411 2836 2466 et
2896 2400 3048 2488 ipsa

492 2501 750 2570 locutio
798 2502 1115 2590 quamvis
1159 2526 1303 2571 non
1347 2501 1537 2570 omni
1585 2526 1670 2571 ex
1713 2515 1914 2592 parte
1961 2503 2308 2571 emendati
2354 2502 2700 2571 sermonis
2764 2525 3049 2571 consue·

498 2604 713 2672 tudini
761 2607 1203 2693 convenienS,
1251 2607 1526 2675 videtur
1559 2619 1793 2676 tamen
1825 2606 2267 2696 explicabilis.
2360 2607 2621 2675 scilicet
2651 2630 2808 2675 cum
2840 2607 3049 2695 scrip-

497 2719 607 2775 tor
650 2709 876 2779 bonus
921 2714 1091 2777 κατά
1136 2712 1410 2788 πολλοὺς
1456 2734 1599 2780 non
1643 2711 1847 2779 fuerit
1889 2734 2143 2779 usurus
2188 2711 2319 2780 nisi
2384 2711 2668 2779 notione
2732 2711 3048 2779 distribui*

496 2812 653 2899 tiva,
702 2813 1057 2903 ,jedesmal
1101 2814 1318 2901 viele‘,
1363 2855 1452 2864 —-
1494 2827 1569 2883 ut
1615 2815 1759 2880 κατ’
1801 2815 2050 2900 ὀλίγους
2080 2815 2267 2883 haud
2312 2838 2472 2883 raro
2520 2815 2612 2883 ita
2640 2827 3047 2903 usurpatum

493 2916 758 3005 legitur,
805 2941 870 2986 v.
917 2918 1085 3007 intp.
1134 2919 1223 2986 ad
1267 2919 1530 2988 Herod.
1562 2921 1622 3005 8,
1676 2938 1834 3007 1133
1881 2918 2199 3007 Thucyd.
2231 2940 2292 3007 3,
2346 2941 2484 3003 ΙΙΙ,
2536 2919 2616 2983 al.
2664 2959 2768 3003 —,
2816 2931 3044 2983 tamen

495 3020 823 3088 credibile
864 3022 1105 3110 utique
1152 3023 1518 3090 evanuisse
1562 3021 1894 3111 paulatim
1960 3020 2304 3092 sentiendi
2368 3023 2544 3087 hanc
2600 3023 3044 3087 subtilitatem

494 3146 575 3191 ac
619 3127 790 3188 κατὰ
837 3124 1110 3200 πολλοὺς
1178 3125 1497 3214 coepisse
1561 3124 1875 3192 adhiberi
1940 3123 2416 3212 designandae
2484 3127 2764 3191 omnino
2832 3123 3048 3191 multi-

495 3227 733 3313 tudini,
780 3239 857 3295 ut
903 3228 992 3294 ad
1038 3226 1223 3295 idem
1269 3227 1414 3296 fere
1443 3229 1686 3296 redeat
1716 3239 1928 3317 atque
1960 3231 2130 3291 κατὰ
2160 3228 2436 3313 πλῆθος,
2492 3227 2736 3311 ἁθρόοι,
2788 3227 3048 3295 similes

494 3329 881 3397 locutiones
925 3333 1123 3413 (κατὰ
1167 3331 1330 3395 πολὺ
1375 3331 1445 3399 in
1488 3356 1537 3399 x
1583 3331 1825 3400 codice
1871 3353 1957 3398 ex
2002 3330 2290 3398 arbitrio
2338 3343 2444 3397 est
2496 3343 2904 3415 correctm,
2972 3355 3048 3395 ut:

495 3432 712 3499 multo
760 3432 1006 3499 melius
1052 3432 1152 3500 sic
1197 3432 1376 3501 foret
1439 3433 1901 3518 coniectatum
1974 3437 2143 3499 κατὰ
2205 3434 2444 3515 πολλὰ,
2520 3435 2596 3499 cf.
2668 3435 2868 3499 inser.
2920 3431 3048 3499 Ro-

495 3545 650 3602 sett.
697 3554 775 3622 9:
845 3536 1064 3622 ἐπειδὴ
1112 3538 1402 3624 βασιλεὺς
1447 3538 1981 3686 Πτολεμαῖος..
2039 3587 2053 3602 .
2125 3540 2295 3601 κατὰ
2356 3535 2568 3599 πολλὰ
2632 3535 3052 3623 εὐεργέτηκεν

496 3639 577 3703 τά
621 3639 689 3704 θ’
736 3640 868 3725 ἱερά
912 3640 1102 3725 κτὲ..)

1653 3896 1706 4007 g
1758 3896 1888 3984 37.

701 4071 936 4163 p.10,
982 4071 1107 4140 20.
1216 4071 1704 4159 προσηγάγομεν
1769 4072 1924 4155 ὑπὲρ
1988 4082 2099 4137 σοῦ
2161 4071 2408 4155 θυσίας]
2474 4071 2688 4139 verba
2756 4087 2828 4139 ut
2892 4087 3052 4139 sunt

498 4175 782 4266 propria
825 4174 1205 4259 (Letronne
1249 4173 1532 4243 Recueil
1578 4174 1604 4241 I
1649 4196 1714 4262 p.
1760 4179 1936 4263 344),
2002 4174 2097 4245 ita
2141 4196 2255 4242 res
2302 4174 2388 4243 ab
2436 4175 2848 4243 Iudaeorum
2896 4199 3052 4243 cun-

499 4279 866 4348 suetudine
911 4301 1054 4346 non
1100 4278 1448 4365 abhorret,
1497 4301 1560 4345 v.
1609 4277 1921 4348 Schssrer
1962 4277 2016 4345 II
2062 4301 2127 4366 p.
2176 4299 2303 4366 243
2351 4301 2452 4367 sq.

700 4404 777 4472 p.
842 4383 954 4468 10,
1020 4382 1126 4450 21.
1242 4381 1478 4468 ηὔξατο
1548 4431 1562 4447 .
1636 4431 1650 4447 .
1726 4432 1740 4447 .
1806 4383 1929 4466 ἵνα]
1994 4382 2239 4449 eadem
2303 4383 2816 4449 constructione
2884 4383 3052 4447 infra

498 4506 563 4573 p.
608 4503 712 4576 57,
760 4508 799 4574 7
866 4487 964 4555 ed.
1029 4484 1305 4553 Schm..·
1367 4485 1697 4571 εὐχόμεθα
1761 4488 1883 4571 γὰρ
1947 4488 2047 4550 ἀεὶ
2110 4489 2260 4570 πρὸς
2323 4491 2428 4551 τῂν
2496 4487 2668 4567 θεόν,
2744 4535 2756 4547 .
2816 4535 2828 4547 .
2888 4535 2900 4547 .
2952 4487 3052 4547 ἵνα

497 4599 668 4673 παρῇ
716 4589 921 4654 πάντα
961 4592 1051 4678 (p.
1097 4607 1202 4677 54,
1255 4605 1370 4655 11:
1417 4589 1716 4654 ἱκετεύειν
1762 4590 1830 4652 δὲ
1862 4593 1971 4654 τὸν
2001 4589 2177 4672 θεόν,
2224 4592 2326 4652 ἵνα
2359 4591 2448 4675 μὴν
2624 4591 2904 4675 βλάπτῃ]
2952 4627 3028 4635 -

500 4713 681 4779 quae
725 4692 1148 4761 constructio
1195 4713 1404 4780 quam
1448 4691 1586 4759 late
1631 4703 1867 4780 pateat
1909 4691 1981 4759 in
2025 4714 2184 4760 sera
2229 4690 2628 4761 Graecitatss
2672 4707 2912 4759 notum
2948 4703 3052 4755 est

498 4799 587 4880 (v.
657 4794 978 4865 Schmidt
1041 4799 1151 4883 ,de
1211 4797 1342 4866 Ios,
1408 4797 1600 4864 eloc.‘
1662 4819 1727 4885 p.
1785 4818 1915 4885 430
1982 4817 2107 4883 sq.,
2171 4795 2328 4863 Diel
2392 4795 2500 4879 ,dc
2548 4807 2776 4859 fluunt.
2828 4795 3052 4871 finum

498 4922 731 4989 progr.
779 4899 1049 4968 Monac.
1103 4903 1266 4990 1895
1312 4923 1376 4990 p.
1423 4902 1511 4990 38
1554 4922 1680 4988 sq.,
1729 4900 1860 4985 31.).
